2832 4740
281 319 343 385 186
430 317 495 388 De
516 321 749 413 restrictiori

279 518 339 588 que
370 509 583 566 monstrosam
615 500 753 594 praeiere

277 621 316 666 ac
337 613 454 666 metum
475 599 598 692 ignaris
621 604 754 676 adferre.

277 717 407 796 potest..
437 702 511 774 Siva
541 707 625 776 enim
647 735 680 779 re
703 736 758 780 ver

274 823 366 901 parte
389 822 490 878 terrae
511 835 606 905 snpra
620 812 759 884 horizont

276 930 399 1000 tamen,
433 915 513 985 sicut
545 916 761 1006 Ehrenber¹¹
825 976 828 992 .

275 1016 397 1112 Libyae
420 1021 545 1088 deserta
566 1047 756 1114 peragravor
801 1043 820 1112 t,
850 1025 870 1096 d

275 1125 426 1220 propiora
458 1139 511 1191 aut
544 1126 760 1212 remotiora(

234 1254 247 1276 ν
274 1228 392 1318 figurae
407 1226 504 1296 oculis
528 1231 759 1322 peregrinantis

273 1347 394 1426 parcnt,
411 1332 495 1426 quod
509 1331 543 1401 in
550 1335 641 1426 sato
654 1337 758 1431 Morg

273 1459 432 1504 nomonon
459 1454 570 1508 nostra
596 1457 697 1512 aetate
723 1444 756 1512 in

275 1540 368 1619 din).
390 1539 513 1634 Pelago
530 1544 645 1614 similia
660 1545 759 1620 videri

275 1645 415 1730 dorus,
437 1671 539 1739 noque
562 1649 693 1743 iniuria,·
728 1677 763 1722 sa

273 1750 388 1820 tientes
411 1754 662 1844 peregrinaturos
693 1783 764 1828 nem

339 2143 383 2199 75.
402 2147 462 2194 not.

286 2247 317 2314 5)
341 2247 384 2298 De
402 2259 460 2318 qno
478 2242 605 2300 conseras
628 2245 760 2300 Athana

337 2353 397 2404 gna
417 2333 488 2386 tucis
505 2343 531 2386 et
546 2332 676 2388 -umbrae
693 2337 722 2394 P.
737 2337 758 2388 11

336 2419 408 2476 sime
432 2422 520 2474 soleat
540 2421 642 2494 nugari
664 2432 759 2493 aperta

336 2506 390 2574 cia,
410 2506 518 2562 Pilati
539 2511 762 2581 Voyugeendip
880 2579 884 2584 ¹
918 2575 928 2589 ν
1031 2543 1169 2592 merope.
1203 2531 1278 2600 flag.

338 2593 444 2650 Gomit.
460 2599 538 2656 1777·
558 2613 585 2668 p·
602 2603 664 2663 220,
688 2597 826 2654 Sestini
848 2603 948 2674 Briese
970 2623 1022 2658 ures
1038 2609 1158 2683 stetten.
1181 2614 1280 2686 Leipz.

340 2687 421 2744 1781.
449 2699 477 2753 p.
496 2688 547 2744 225
578 2682 721 2754 imprimis
749 2703 818 2740 vero
844 2685 1073 2747 dissertationem
1101 2701 1275 2767 praeclaram

343 2767 549 2842 Castbergii
572 2767 603 2823 in
626 2773 714 2826 Rasn
733 2779 796 2847 Nyo
820 2773 975 2832 ctbcotnek
985 2777 1040 2848 for
1062 2784 1184 2854 Ptyotlc,
1204 2795 1274 2842 Me-

348 2858 427 2912 dicin
460 2877 494 2930 og
526 2861 695 2914 oeconomio.
720 2855 786 2916 Vol.
808 2862 858 2917 tv.
880 2867 1058 2932 p.=2392302
1083 2879 1112 2923 et
1134 2874 1273 2940 351-1102,

341 2944 476 3010 (Hainise
491 2937 573 3013 1801)
592 2946 673 3001 cuius
690 2957 888 3020 argumentum
906 2949 1028 3008 breviter
1046 2959 1181 3027 exposuit
1198 2962 1273 3016 cil-

335 3027 541 3084 bert-Annal.
563 3035 654 3086 xvn.
673 3052 702 3104 p.
719 3043 778 3092 183.
798 3053 859 3111 sqq.
885 3039 934 3116 cfr.
955 3043 1018 3094 ΧΗ.
1041 3053 1098 3115 p.1
1119 3063 1182 3120 sqq.
1218 3052 1272 3104 Fa-

335 3125 382 3169 tae
397 3119 559 3188 Morgauae,
582 3118 676 3189 qualis
695 3119 725 3173 in
744 3122 826 3176 india
844 3127 921 3180 cerni
940 3131 1024 3194 solet,
1044 3132 1200 3204 elegantem
1218 3136 1270 3191 de-

335 3201 519 3272 scriptionem
538 3203 617 3258 dedit
634 3207 708 3260 Tod
727 3209 885 3284 (Froriep
908 3218 1026 3270 Notisen
1040 3221 1149 3274 xxv1.
1175 3241 1201 3290 p.
1215 3230 1268 3287 289

335 3294 423 3364 sqq).
443 3288 534 3344 Etiam
549 3292 571 3344 F
577 3293 728 3358 ranklin
740 3295 815 3353 idem
827 3300 1045 3370 phaenomenon
1055 3303 1085 3356 in
1097 3304 1201 3360 vicinia
1211 3308 1266 3363 flu-

336 3378 426 3434 minis
450 3377 600 3433 Americae
622 3381 867 3454 septentrionalis,
896 3388 947 3466 qui
970 3391 1193 3462 aMakenzie
1211 3415 1267 3450 no-
1335 3387 1338 3400 ’

292 3447 298 3458 ’
335 3484 404 3520 men
422 3462 477 3520 sibi
498 3456 666 3533 vindicavit,
686 3471 836 3541 conspexit
854 3483 881 3528 et
899 3475 1046 3548 descripsit
1063 3475 1094 3532 in
1111 3478 1199 3554 libro,
1216 3486 1267 3559 qui

334 3550 516 3612 inscribitur:
547 3554 722 3609 Franklin
740 3563 841 3614 Zweite
858 3567 938 3617 Reise
965 3583 1004 3618 art
1022 3563 1067 3619 die
1084 3567 1192 3626 Kit'sten
1220 3575 1266 3626 des

335 3643 530 3695 Polormeeres.
564 3641 693 3696 Weimar
704 3651 781 3708 1829.
802 3665 829 3720 p.
840 3647 884 3706 6lt.
900 3705 905 3716 x

801 1855 843 1930 Γ

799 1971 843 2039 0

288 2051 318 2123 lt)
342 2053 573 2125 Abdandlungen
602 2053 653 2108 der
676 2060 765 2114 Berlin
796 2061 841 2206 {g

793 2223 838 2283 *J

281 3768 324 3836 6)·
335 3767 378 3819 De
397 3765 595 3834 phaenomeno
608 3767 745 3842 Mirage
763 3781 873 3840 vocato,
887 3775 1068 3832 omnianota.
1088 3780 1143 3842 ctr.
1155 3781 1266 3835 Alex·
1289 3818 1291 3822 .

334 3850 414 3904 and.
439 3847 481 3903 ab
505 3850 709 3915 Humboldt
734 3859 825 3928 Relat-
850 3863 978 3934 historiq.
1000 3866 1067 3920 vol.
1088 3869 1110 3924 1.
1138 3884 1168 3938 P·
1185 3868 1264 3945 6257

335 3939 396 3992 631.
448 3939 562 4008 Voyage
590 3955 651 3994 unx
674 3941 730 4015 rdg.
754 3943 886 4018 c'quinooe.
915 3953 999 4008 Tom.
1018 3955 1067 4008 vl.
1096 3971 1125 4024 p.
1142 3961 1178 4010 88
1198 3971 1262 4030 sqq.

333 4023 460 4118 Monge
485 4022 516 4076 in
533 4023 607 4080 libro
624 4025 774 4105 inscriptos
808 4035 1037 4113 Abhandlungen
1060 4039 1128 4097 iiber
1149 4037 1265 4116 Aegyp-¹
