2838 4730
441 381 444 386 .
469 327 511 396 ἰιι
529 328 787 397 ,uniuersum
818 371 821 381 ·
1067 331 1128 398 105

126 501 281 572 imbribus
297 502 424 575 aestivis
438 501 640 600 Aethiopiae,
661 501 823 574 fluminum
837 502 944 573 Indiae
959 501 1073 598 pluviis
1088 504 1129 574 ab

130 605 330 703 aquilonibus
352 625 472 680 aestate
493 608 677 704 provocatis
685 610 725 694 ⁴).

215 711 331 782 Plures
354 717 425 788 e'sse
444 714 481 784 iu
495 731 597 784 terrae
618 711 783 807 superficie
802 710 958 804 regiones,
978 712 1033 782 nbi
1052 737 1130 782 nun-

129 815 352 913 quampluris
373 819 506 906 decidat,
528 819 728 890 iamveteres
751 831 948 888 censuerunt.
992 815 1042 884 lta
1062 818 1129 886 nul-

192 1053 277 1108 enlm
307 1051 342 1110 id
369 1054 488 1111 fortasse
513 1054 599 1110 etlam
626 1055 735 1110 idcirco
763 1051 838 1119 fieri,
872 1050 941 1126 quia
967 1053 1012 1107 sol
1039 1049 1135 1108 hieme

199 1140 281 1198 terris
299 1139 433 1214 propiet
434 1149 466 1198 et
481 1139 518 1198 ob
535 1141 566 1197 id
586 1141 695 1198 iontem
712 1141 773 1198 eius
790 1139 941 1206 minuens,
959 1147 1029 1197 tunc
1047 1138 1136 1198 altius

194 1224 289 1295 abeat,
315 1228 447 1304 sinatque
471 1228 629 1304 integrum,
656 1238 684 1284 et
707 1225 739 1284 ut
767 1226 980 1299 plenissimum,
1009 1242 1134 1298 surgere.

198 1313 255 1370 Gir.
277 1314 508 1391 Lindenbrog
525 1317 561 1371 ad
579 1315 751 1372 Ammian.
769 1313 967 1422 Marcellin.
986 1316 1135 1384 xxtt,15

196 1417 227 1474 p
245 1403 308 1460 362.
1055 1437 1058 1444 -

144 1502 175 1576 l)
199 1509 243 1562 De
275 1508 392 1566 aestivis
424 1509 596 1584 Aethiopiae
623 1521 651 1570 et
677 1509 777 1569 Indiae
804 1505 944 1571 imbribus
971 1477 1134 1564 consulatur

195 1594 472 1668 Theophrastus
491 1598 625 1654 decons.
640 1597 769 1668 plantor.
785 1599 835 1664 tlt,
854 1605 881 1662 3,
900 1604 927 1654 3
946 1593 1046 1666 ΡΗΙῐιό
1071 1594 1135 1648 Au-

197 1678 296 1736 strinis
319 1681 382 1748 (cir.
405 1691 503 1738 tamen
530 1686 626 1736 locum
649 1681 808 1763 Diodori
831 1695 918 1756 sopra
942 1679 1133 1750 laudatum§.

81 1765 85 1774 '
199 1772 242 1823 15
261 1777 321 1824 not.
331 1769 377 1841 8)
379 1755 519 1824 imbribus
537 1767 636 1822 Nilum
654 1751 779 1842 impleri,
797 1763 1066 1838 septentrionalibus
1084 1769 1135 1822 ln-

197 1852 277 1910 dicos
294 1853 413 1921 fluvios,
441 1851 613 1910 intermedia
631 1864 727 1912 autem
744 1857 807 1908 loce
825 1850 965 1908 imbribus
978 1870 1073 1910 cerere
1090 1873 1136 1910 re-

196 1939 251 1996 fert
267 1939 513 1997 Aristobulus
533 1940 609 2013 apud
629 1941 842 1996 Strabonem
862 1941 928 1996 XV.
947 1957 976 2012 p.
991 1940 1057 2008 693.
1082 1960 1136 1998 ne·

198 2046 256 2104 que
284 2029 358 2084 inter
382 2027 527 2087 Thebaica
556 2047 647 2103 usque
682 2029 718 2086 ad
741 2029 857 2098 Syenen
880 2036 908 2082 et
933 2029 997 2082 loca
1020 2030 1135 2085 Meroae

196 2111 343 2187 proxima,
366 2133 461 2190 neque
478 2115 510 2170 in
528 2116 626 2171 ludiae
645 2113 773 2190 partibus
791 2132 808 2169 a
825 2117 968 2170 Pettalena
986 2131 1079 2188 usque
1097 2117 1133 2170 ad

195 2201 349 2275 Hydaspin
373 2202 453 2277 gigni
473 2202 594 2274 pluviae
635 2200 817 2276 Superiorem
838 2217 907 2257 vero
932 2201 1078 2278 regionem
1103 2204 1135 2260 in

197 2308 255 2364 qua
272 2301 301 2346 et
318 2293 408 2362 pluat,
426 2308 519 2364 neque
538 2289 592 2344 nix
611 2289 706 2346 deesse
723 2291 821 2357 soleat,
841 2287 958 2361 perinde
976 2291 1071 2366 excoli
1088 2292 1136 2347 di-

199 2375 246 2443 cit,
255 2387 381 2477 ‘etque
362 2365 447 2434 aliem
450 2395 550 2454 ‚quae
562 2386 605 2434 est
622 2385 702 2448 extra
719 2377 841 2447 Indiam,
859 2393 925 2432 cum
945 2373 980 2430 ab
999 2376 1134 2435 imbrium

199 2461 382 2543 niviumque
394 2483 475 2545 aqua
490 2466 678 2522 humectetur.
718 2463 918 2544 Alexandrum
942 2473 1038 2522 tamen
1060 2468 1135 2522 ultra

198 2552 347 2625 Hypanim
368 2553 480 2610 Indiam
505 2570 565 2634 nort
592 2549 771 2652 percurrisse,
799 2566 864 2606 cum
891 2550 1036 2614 milites‘
1021 2573 1051 2608 ee
1078 2549 1134 2610 τῶν

197 2635 342 2694 „derue”
325 2661 441 2722 εκαμνιιν
459 2655 572 2708 συνεχως
591 2633 709 2708 ὗόμινοι,
728 2637 853 2702 referunt
871 2638 1014 2708 Strabo
1022 2623 1088 2698 XV.
1105 2661 1132 2714 p.

199 2725 262 2793 697,
283 2713 662 2794 DiodorusSiculusl,
679 2723 725 2784 lt.
744 2731 826 2797 psl,
844 2726 1027 2787 Arrianus
1043 2730 1134 2790 Indue

198 2831 222 2868 c
242 2815 268 2871 6
304 2813 429 2868 Etiam
420 2833 452 2868 m
475 2811 628 2869 Gedrosiae
652 2812 768 2868 desertis
792 2811 846 2869 sub
866 2811 1005 2869 aestivum
1016 2819 1135 2914 tempus

146 2891 150 2898 ’
199 2899 305 2955 imbres
331 2899 426 2954 delabi
449 2907 543 2954 narrat
568 2896 694 2953 Strabo
718 2901 784 2956 XV.
802 2919 831 2974 p.
845 2907 913 2968 721,
938 2899 1079 2972 imprimis
1101 2893 1136 2958 in

201 2983 395 3057 superioribus
415 3002 447 3040 ec
465 2981 658 3056 septemtrioni
676 2984 805 3042 obversis
821 2985 995 3064 regionibus,
1014 2987 1046 3042 in
1065 2987 1136 3046 locis

201 3071 358 3140 montanis,
389 3072 467 3128 unde
490 3069 657 3127 fluminibus
681 3073 770 3130 auctis
795 3075 889 3146 campi
914 3074 986 3128 mari
1010 3075 1136 3146 proximi

200 3158 352 3234 irrigentur
376 3170 405 3219 et
427 3161 565 3218 cisternae
589 3157 745 3216 abundent.
787 3160 910 3217 Arabiae
933 3160 1088 3238 denique*
1079 3183 1137 3218 rm-

199 3247 265 3304 bres
291 3247 412 3304 aestivos
430 3257 635 3304 commemorat
651 3247 782 3304 Strabo
799 3251 878 3306 XVI
898 3268 926 3323 p.
938 3251 999 3333 768,
1018 3252 1054 3307 de
1071 3251 1138 3326 qui-

199 3334 255 3392 bus
273 3335 358 3390 etiam
375 3333 560 3392 conferendus
578 3345 621 3392 est
637 3336 848 3392 Alexander
865 3338 1136 3410 Aphrodisien-

202 3423 252 3480 sie
271 3423 312 3479 od
330 3411 394 3479 libr.
405 3425 636 3496 [meteorologic.
655 3424 704 3480 fol
717 3425 759 3492 86,
778 3423 807 3478 b
827 3424 871 3479 ed.
890 3425 1012 3480 Aldin.
1031 3427 1134 3481 Venet.

203 3515 281 3572 1527.
315 3511 457 3585 Denique,
475 3525 541 3565 cum
559 3510 596 3566 de
613 3512 790 3584 Aethiopiae,
810 3510 920 3578 Indiae,
939 3511 1087 3566 Arabiae
1077 3530 1136 3568 rm-

203 3593 301 3655 brrbus
311 3599 486 3654 mentionem
499 3597 687 3667 iniecerimus,
706 3598 819 3655 silentio
838 3601 988 3672 praeterere
1000 3587 1135 3657 ubtumus
1227 3585 1230 3594 ι

203 3686 299 3738 locum
316 3683 469 3740 Diodori
488 3684 606 3742 Siculi
624 3689 664 3755 ll,
683 3690 727 3746 36
747 3707 776 3761 p
794 3686 860 3755 169,
878 3685 930 3741 ube
947 3685 993 3742 bis
1014 3704 1065 3760 per
1082 3704 1135 3744 eu

202 3784 275 3826 nutn
298 3773 443 3844 pluvias
435 3793 467 3830 ιιι
487 3774 572 3830 ludia
592 3775 689 3831 delabi
712 3775 765 3844 ait,
795 3778 884 3834 semel
912 3774 967 3832 sub
986 3775 1133 3846 hyemem,

202 3860 319 3934 quando
335 3857 420 3917 tritici
437 3863 645 3920 rementiatur:
671 3863 776 3918 iterum
791 3863 867 3920 circe
886 3864 1028 3919 aestivum
1038 3859 1136 3916 tonti-

202 3948 292 4019 tium,
315 3947 347 4004 in
365 3948 443 4023 quod
461 3951 569 4021 oriem,
588 3949 720 4024 bospori,
739 3950 840 4010 teserm
858 3949 983 4013 etmilii
1000 3945 1135 4006 satioin-

201 4034 285 4092 cidat.
319 4083 323 4091 .
