2832 4740
273 307 336 373 186
422 304 488 373 De
508 305 773 397 refractione
796 305 1161 397 atmospltaerico.

272 505 333 576 que
363 443 577 550 monstrosam
609 481 789 576 praeferant
814 481 1079 578 magnitudinem,
1112 497 1274 575 stuporem

271 609 309 654 ac
330 600 449 654 mettim
469 583 592 678 ignaris
614 585 749 656 adlerre.
792 585 858 655 Res
880 585 996 680 duplici
1015 587 1111 656 modo
1127 585 1275 679 explicari

271 704 386 785 potest.
431 688 506 759 Sive
535 691 620 760 enim
641 715 675 760 re
698 715 773 759 vera
793 690 967 758 animantia
989 690 1221 784 conspiciuntur
1241 691 1276 758 in

268 811 360 890 parte
383 809 484 864 terrae
505 820 601 890 supra
614 794 807 864 horizontem
829 794 890 864 huc
910 795 984 865 illuc
1005 795 1169 881 currentia,
1194 819 1276 885 quae

270 919 394 986 tamen,
428 901 507 970 sicot
540 898 812 994 Ehrenberg‘)
851 924 1023 993 omnesque
1061 899 1187 993 reliqui,
1221 899 1276 992 qui

270 1005 393 1100 Libyae
414 1007 540 1074 deserta
560 1019 815 1098 peragraverunt,
846 1005 969 1090 docent,
996 1006 1080 1072 iusto
1101 1004 1199 1072 modo
1221 1019 1276 1072 ant

270 1112 422 1206 propiora
453 1123 507 1176 aot
539 1107 719 1190 remotiora,
741 1123 920 1192 cemuutur3
966 1109 1031 1178 sive
1069 1108 1276 1178 animantium

230 1243 243 1266 ν
270 1216 388 1306 figurae
403 1211 500 1281 oculis
523 1212 788 1305 peregrinantium
809 1211 883 1284 κατ’
905 1219 1051 1311 ἑῇιφασιν
1071 1229 1192 1282 tanturn
1215 1237 1275 1305 ap-

269 1333 391 1414 parent,
407 1317 493 1410 quod
505 1314 539 1384 in
546 1317 638 1408 sato
650 1317 834 1408 Morgana,
851 1341 914 1412 quo
926 1318 1053 1387 nomine
1065 1315 1165 1406 simile
1175 1313 1270 1410 phae-

270 1445 430 1492 nomeuon
455 1435 567 1490 nostra
593 1437 693 1493 aetate
719 1421 868 1512 insignire
896 1422 998 1490 solent
1023 1420 1163 1517 physici,
1192 1420 1270 1488 acci·

272 1527 365 1606 dit‘).
387 1525 510 1618 Pelago
527 1525 643 1596 similia
657 1524 756 1598 videri
770 1525 891 1619 Libyae
906 1527 1042 1613 deserta,
1064 1525 1161 1596 refert
1174 1526 1271 1596 Dio-

273 1633 413 1715 dorus,
436 1655 537 1724 neque
559 1630 691 1722 iniuria,-
726 1656 821 1726 saepe
844 1632 928 1700 euim
950 1633 1096 1728 deceptos
1115 1631 1209 1702 finisse
1232 1629 1274 1698 si-

272 1737 387 1806 tientes
409 1737 660 1830 peregn‘natores
692 1737 809 1806 nemini
830 1735 990 1828 ignoratur
999 1739 1039 1822 ⁸).

288 2037 318 2110 lt)
342 2037 573 2108 Abiandlnugm
602 2034 653 2089 der
676 2038 780 2092 Berlin.
804 2039 943 2112 ntadem.
969 2044 1045 2100 1827.
1072 2039 1157 2112 phys.
1181 2039 1223 2095 cl.
1237 2055 1277 2108 p.

339 2129 383 2185 75.
402 2131 462 2178 not.

287 2234 318 2301 5)
341 2233 385 2284 Da
402 2243 461 2302 quo
478 2223 606 2281 conferas
629 2225 869 2280 Athanasium
886 2226 1096 2281 Kiroherum
1116 2228 1276 2294 (Arama-

338 2337 398 2390 gna
417 2317 489 2370 lucis
506 2325 532 2368 et
550 2312 678 2367 umbrae.
694 2315 723 2372 P.
738 2315 773 2366 11.
792 2329 816 2366 c.
827 2321 851 2370 1.
871 2331 899 2385 p.
909 2315 948 2382 1.)
967 2323 1080 2369 etcum
1098 2313 1145 2368 hic
1163 2313 1275 2385 saepis-

338 2404 410 2461 sime
433 2405 522 2458 soleat
541 2400 644 2474 nugari
665 2409 818 2471 apertaque
841 2400 873 2454 in
890 2405 994 2474 vrrlgna
1012 2401 1136 2474 prolerre
1156 2401 1276 2456 menda-

338 2491 392 2558 cia,
412 2489 521 2546 Pilati
541 2494 658 2562 Voyngt
675 2506 709 2542 en
727 2484 861 2555 diffe'rens
881 2508 955 2563 pays
974 2491 1009 2545 tle
1030 2491 1169 2563 l'Europe.
1202 2495 1277 2566 flag.

340 2577 446 2635 Gomit.
462 2581 541 2638 1777·
560 2593 588 2648 p·
605 2583 667 2642 220,
691 2574 829 2632 Sestini
851 2578 948 2648 Briefe
970 2597 1023 2632 ctis
1039 2580 1159 2634 Sicilien.
1181 2580 1281 2652 Leipz.

343 2671 424 2728 1781.
452 2682 480 2736 p.
498 2669 550 2725 22,-
581 2661 725 2733 imprimis
753 2680 822 2719 vero
848 2663 1075 2720 dissertationem
1104 2669 1277 2738 praeclaram

346 2749 553 2824 (lastbcrgii
576 2747 607 2804 in
630 2751 718 2804 Rasn
737 2756 800 2824 Νγα
824 2751 978 2806 Bittiottek
988 2751 1043 2822 for
1065 2755 1187 2826 Physilc,
1207 2762 1277 2808 ¹Me-

273 2859 275 2866 ’
352 2842 431 2897 disin
464 2859 499 2914 og
530 2843 700 2895 oeconomio.
724 2840 790 2894 Vol.
812 2840 862 2895 tv.
885 2855 912 2908 p.
928 2840 1062 2903 2392302
1087 2850 1116 2894 et
1138 2841 1276 2906 stt-toa,

345 2927 481 2995 (Halniae
496 2930 578 2994 1802)
597 2926 678 2980 cuins
695 2935 893 2998 argumentum
910 2925 1033 2982 breviter
1050 2929 1186 2998 exposuit
1202 2929 1277 2982 Gil-

340 3013 546 3068 bert·AnnaI.
568 3015 659 3066 XVII.
678 3030 707 3082 p.
724 3021 783 3069 183.
803 3031 865 3088 sqq.
890 3014 939 3091 cir.
960 3016 1023 3068 Xll.
1047 3033 1074 3086 p.
1091 3003 1188 3090 1'sqq.
1223 3019 1277 3070 Fa-

341 3111 387 3155 tue
402 3103 565 3170 Morganae,
587 3097 681 3169 qualis
700 3097 730 3150 in
749 3099 831 3153 lndia
849 3101 926 3154 cerni
946 3105 1030 3166 solet,
1050 3104 1206 3174 elegantem
1224 3103 1276 3156 de-

340 3185 525 3256 scriptionem
544 3183 623 3238 dedit
639 3185 713 3238 Tod
733 3186 891 3260 (Froriep
914 3191 1031 3244 Notium
1046 3192 1155 3245 XXVI.
1181 3209 1207 3258 p.
1221 3197 1275 3254 289

341 3278 430 3348 sqq·)·
449 3270 540 3326 Etiam
556 3273 578 3325 F
584 3272 734 3336 ranlslin
746 3273 821 3330 idem
833 3277 1052 3347 phaenomenon
1062 3275 1092 3329 in
1103 3275 1208 3330 vicinia
1218 3275 1274 3330 flu-

300 3435 305 3444 ·
343 3360 433 3418 minis
457 3359 607 3414 Americae
629 3359 874 3434 septentrionalis,
903 3361 954 3441 qui
977 3362 1200 3426 aMakenzie
1218 3381 1275 3417 no-
1341 3350 1344 3362 ¹

342 3468 411 3507 men
429 3445 485 3503 sibi
505 3437 673 3512 vindicavit,
692 3448 844 3519 conspexit
861 3458 889 3503 et
906 3448 1054 3521 descripsit
1071 3447 1102 3502 in
1119 3447 1207 3522 libro,
1224 3452 1276 3526 qni

342 3533 524 3593 inscribitur}
555 3533 729 3588 Franklin
747 3539 849 3590 Zweite
866 3541 947 3591 Reice
973 3556 1012 3591 att
1030 3535 1075 3591 dte
1092 3537 1201 3595 Kit'sten
1229 3542 1275 3593 des

343 3627 540 3679 Polormeeres.
573 3619 701 3674 Weimar
712 3629 789 3686 1829.
810 3642 837 3697 p.
848 3623 892 3682 6l1·.
909 3679 914 3690 x

290 3753 332 3821 6)·
344 3752 387 3804 De
406 3748 604 3817 phaenomeno
617 3744 753 3819 Mirage
771 3743 882 3815 vocato,
896 3748 1077 3804 omnianota.
1097 3749 1276 3811 (1811181.-
1300 3783 1302 3788 -

343 3833 423 3888 and.
448 3829 492 3885 ab
514 3828 719 3892 flumbotde
743 3836 834 3891 Relat-
859 3838 987 3907 itiatotiq.
1010 3838 1077 3892 Vol.
1098 3839 1120 3894 1.
1148 3853 1178 3907 p.
1195 3836 1276 3912 625-¹

344 3923 406 3976 631.
458 3921 571 3988 Voyage
599 3933 662 3970 aaa:
684 3919 740 3991 re'g.
764 3920 896 3994 e'qninooe.
925 3926 1009 3980 Tom.
1029 3925 1077 3979 Vl.
1107 3941 1136 3994 p·
1153 3930 1189 3979 88
1210 3939 1274 3996 sqq.

331 4007 470 4074 Monge
495 4003 526 4056 in
543 4002 617 4058 libro
634 4003 784 4081 inscripto:
818 4009 1048 4083 «abhandlungen
1071 4008 1140 4066 iiber
1161 4006 1278 4083 Aegyp-¹
