2824 4746
653 295 719 364 De
737 297 958 365 'climatum

460 474 636 546 Invehitur
653 469 945 546 celenturboms
968 471 1076 540 hostis
1100 495 1201 565 equo:

348 639 352 648 .
390 577 514 648 Hostr's
529 601 613 670 equo
624 577 771 667 pollens,
787 575 948 665 longeque
961 574 1097 644 rotante
1111 578 1253 668 sagitta,
1266 619 1308 634 -

466 680 621 750 Vicinam
643 681 715 748 loto
737 677 966 768 depopulatur
982 678 1127 748 humum
1150 722 1195 733 -

391 786 472 856 Νοιι
484 784 539 852 tic
548 783 737 875 pampineo
750 781 859 850 dulcis
876 781 962 850 lutet
978 805 1046 850 uon
1059 783 1123 853 sub
1132 786 1276 858 umbra
1263 836 1274 868 ,
1394 787 1395 860 ξ

341 951 351 968 ,
390 891 504 959 Pumo
525 899 629 982 negat
649 887 752 980 regio.
777 927 819 942 -

392 993 598 1084 Adspiceres
633 993 742 1062 nudos
778 990 851 1059 sine
883 977 1029 1080 froude,
1077 1016 1151 1092 sune
1192 947 1312 1066 arbore

882 1118 1035 1185 campos.

460 1201 539 1270 Heu
561 1203 641 1270 loca
658 1201 759 1292 felici
778 1223 847 1267 non
870 1196 1031 1280 adeundo
1055 1199 1149 1270 erro!

304 1307 406 1378 Vides
435 1305 544 1398 igitur,
582 1332 637 1374 cur
668 1301 859 1408 Germania
872 1302 993 1370 mitiore
1020 1301 1172 1422 frigorum
1204 1310 1311 1400 gradu

304 1409 351 1480 ιιιι
371 1410 509 1480 videatur
530 1423 640 1478 nostra
665 1423 783 1494 aetate,
804 1427 914 1499 quam
928 1405 1072 1500 antiquis
1101 1410 1305 1503 temporibus.

307 1513 397 1585 Nihil
419 1512 502 1582 enim
523 1503 716 1582 manifestius
740 1527 828 1596 ιιι.
847 1509 943 1578 Tunc
948 1507 1103 1592 Romani
1123 1514 1194 1582 de
1185 1517 1307 1607 ungenti

305 1619 496 1690 Germaniae
510 1617 626 1707 [rigore
641 1605 927 1716 conquerebaptur,
942 1640 1024 1686 nunc
1039 1593 1202 1704 Germani,
1226 1620 1306 1690 Ger-

304 1749 400 1793 mano
422 1723 538 1816 frigore
561 1721 691 1806 adsueti,
718 1744 783 1790 non
805 1719 937 1809 habent,
966 1717 1005 1786 de
1028 1743 1090 1812 quo
1113 1747 1306 1841 conqueren-

305 1830 380 1898 dum
410 1851 479 1898 esse
512 1839 669 1896 censeant.
713 1809 807 1911 Τιιιιι
837 1847 946 1892 omnes
974 1821 1056 1910 fere,
1091 1825 1144 1918 qui
1171 1823 1308 1898 aetatem

304 1931 442 2002 tulerunt
469 1930 557 2015 libri,
584 1927 776 2013 Rornae,
750 1946 815 2020 sr've
821 1927 940 2022 potius
961 1927 995 1996 in
1017 1928 1109 1998 ltalia
1137 1932 1306 2051 conscripti

303 2051 392 2104 sunt:
428 2061 511 2104 nunc
540 2059 618 2127 quos
649 2032 711 2127 ipsi
740 1999 900 2114 (ιιιιιιιιιιι
914 2031 1018 2114 libros
1045 2037 1307 2128 perscripserunt,

303 2137 466 2232 perlegere
492 2137 646 2220 solemus,
676 2135 786 2206 Italos
784 2158 868 2228 nup
890 2152 1049 2216 curantes.
1094 2143 1137 2206 Αι
1168 2139 1195 2204 si
1229 2141 1305 2212 Itali

301 2267 383 2310 nunc
412 2263 537 2334 quoque
565 2240 680 2310 talia
670 2267 703 2310 m
724 2221 925 2332 popularibus
955 2237 1044 2306 libris
1072 2235 1232 2310 alfiunaut
1260 2245 1303 2313 de

300 2344 453 2438 frigorum
470 2345 698 2414 Germanorum
720 2341 844 2412 ιιιιιιιε
845 2367 973 2444 quam
995 2341 1093 2410 olim?
1139 2339 1218 2414 Non
1239 2347 1302 2416 dil

301 2447 380 2518 ficile
413 2447 496 2517 foret
520 2448 714 2544 profecto
686 2395 861 2516 eiusmodi
882 2447 970 2516 locos
992 2447 1096 2542 plures
1115 2472 1303 2542 congerere,

299 2577 361 2621 uuo
383 2552 508 2621 'tantum
538 2553 664 2623 laudato
696 2529 957 2670 praestantissimi
978 2552 1104 2622 illorum
1130 2560 1268 2648 potitae'
1274 2559 1303 2637 ⁸)

300 2657 506 2752 defungimur,
529 2657 582 2726 ubi
597 2659 635 2727 de
650 2651 767 2726 Rheno
784 2635 982 2750 congelato
972 2683 1006 2726 111
1019 2657 1133 2728 vicinia
1154 2655 1221 2752 poli
1243 2659 1303 2728 bo-

299 2763 393 2834 realis
424 2763 622 2882 loquitur²·⁴).
669 2758 807 2850 Qualem
837 2785 912 2830 vero
934 2760 1090 2832 Romani
1101 2763 1140 2832 de
1169 2763 1303 2855 regioni-

299 2868 357 2940 bus
378 2867 486 2962 paullo
508 2868 625 2986 magis,
654 2889 748 2958 quam
769 2864 841 2958 ipsa
864 2865 967 2951 ltalia,
990 2865 1032 2935 ad
1058 2869 1303 2960 septentrionem

295 2972 450 3064 porrectis
462 2972 644 3091 opinionem
647 2969 832 3054 'habuerint
856 2984 972 3062 quanto
995 2971 1067 3062 gelu
1087 2970 1152 3038 illic
1174 2970 1303 3040 flumina

299 3074 472 3166 constringi
502 3090 533 3142 et
570 3090 703 3168 quantas
733 3074 851 3142 nivium
869 3073 978 3141 moles
1006 3073 1089 3144 ibi
1079 3101 1178 3144 iacere
1209 3091 1299 3169 puta-

299 3176 411 3260 verint,
427 3203 466 3243 ιιι
481 3177 634 3246 sexcentis
649 3195 788 3248 veterum
804 3177 990 3274 scriptorum
1000 3176 1083 3248 locis
1099 3195 1196 3273 patet
1228 3175 1300 3248 Nec

297 3279 400 3350 solum
429 3281 513 3374 apud
544 3288 654 3374 poetas
685 3281 762 3352 talia
790 3284 1001 3376 reperiuntur,
1037 3283 1301 3376 quemadmodum

296 3386 335 3454 de
365 3383 473 3478 Illyria
500 3386 586 3481 apud
615 3385 903 3481 Propertium²
910 3390 956 3471 ⁵),
984 3387 1088 3457 lauris
1110 3405 1141 3457 et
1166 3389 1300 3482 myrrhis

296 3489 462 3574 uberrima,
484 3489 523 3558 de
538 3488 653 3558 Rheno
670 3490 755 3584 apud
773 3479 980 3582 Virgilium
993 3493 1048 3578 ²⁶),
1071 3493 1183 3587 quibus
1199 3494 1299 3564 addas

294 3704 341 3766 23)
366 3703 475 3758 'rasso
496 3706 703 3760 Gerusulemme
720 3701 846 3760 liberata.
865 3707 944 3776 XIV,
962 3704 1007 3764 3lt

294 3802 342 3874 tl)
366 3807 422 3862 co.
446 3811 546 3864 Voss.
564 3811 600 3864 ed
618 3811 715 3885 Virg.
737 3789 895 3884 ueorgsstltss
912 3830 940 3886 p.
950 3813 1012 3870 613,

295 3909 345 3970 25)
367 3913 445 3983 Etrg.
464 3915 486 3978 1,
507 3923 532 3980 8,
554 3920 578 3975 7.

296 4009 346 4080 26>
368 4015 450 4084 rdytt.
469 4021 506 4084 X,
526 4015 560 4084 ll
579 4037 643 4096 sqq.
