2850 4730
226 299 230 305 '
322 290 643 359 observationes
665 301 706 359 et
729 291 961 392 opiniones.
1102 299 1144 372 87

101 513 104 521 ·
142 491 201 536 nas
229 465 332 536 sedari
358 463 493 536 affirmat
525 466 912 562 Theophylactus
938 467 1142 579 sinicpl

142 575 254 651 tan).
322 575 325 581 ·
1134 621 1137 632 Ι

228 675 391 768 Denique,
422 675 450 743 si
471 674 541 770 quis
564 689 621 760 est,
647 676 700 768 qui
722 673 802 742 scire
825 674 914 760 velit,
948 677 1072 770 qualem
1103 681 1143 748 de

141 797 304 852 ventorum
325 777 458 847 utilitate
481 779 666 848 sententiam
682 777 848 848 habuerint
869 797 1009 866 veteres,
1040 783 1066 851 is
1088 784 1143 852 ad-

140 902 190 976 eat
215 883 470 961 Senecam'⁸).
519 917 524 926 .

570 1101 724 1113 *-

519 1315 807 1431 Qiffliblv.¹

424 1474 874 1591 Hygrologin.

593 1678 700 1764 §.in

135 1789 138 1798 Α
211 1800 278 1868 De
301 1823 432 1890 aquae
453 1801 492 1868 in
516 1799 816 1889 atmosplraeru
840 1801 1079 1891 vaporibus.

235 1940 319 2010 Cum
346 1941 452 2007 omnia
473 1940 617 2018 deessent
638 1941 1040 2025 veteribus'instn'rm'enta,
1072 1965 1147 2034 qno-

148 2073 218 2114 rum
246 2069 306 2138 ope
331 2045 502 2138 intelligere
532 2063 677 2142 possent,
696 2062 857 2142 ‚quantum
886 2070 1037 2141 vaporum
1067 2072 1147 2140 pon·

149 2152 208 2218 dus
231 2150 263 2216 in
285 2147 506 2244 atmosphaera
521 2150 701 2244 reperiatur,
723 2174 824 2244 pauca
839 2167 959 2225 tanturn
973 2152 1013 2226 de
1035 2150 1149 2244 hygre-

148 2255 234 2346 logia
265 2254 357 2322 nohis
391 2255 550 2323 monenda
584 2270 666 2323 sunt.
721 2255 812 2323 Bene
845 2271 1016 2338 noverunt,
1050 2279 1149 2346 aquae

152 2358 355 2450 quantitatem
385 2357 608 2453 evaporatione
630 2358 776 2443 minui¹),
807 2361 891 2454 quod
913 2374 1000 2454 patet
1022 2383 1060 2428 er
1083 2385 1150 2426 ver·

150 2537 360 2555 *Ἀ-

220 2639 312 2694 imbre
330 2650 424 2696 autem
437 2641 593 2711 delabente,
612 2643 769 2718 unicnique
784 2643 857 2699 a'e'ris
868 2643 941 2716 parti
952 2643 984 2697 in
994 2643 1043 2698 illa
1062 2642 1155 2718 regio-

221 2745 267 2795 ne,
283 2726 334 2781 ubi
344 2727 483 2783 eiusmodi
493 2728 592 2784 κοιλίαι
606 2729 741 2797 existunt,
762 2731 859 2786 eadem
875 2739 1060 2804 temperatura
1076 2729 1156 2784 ideo-

221 2833 278 2888 que
300 2815 399 2869 eadem
423 2816 546 2870 densitas
563 2814 799 2883 communicatur,
817 2818 893 2872 uu'de
911 2819 977 2872 illae
994 2815 1093 2868 κοιλίαι
1110 2833 1156 2870 re-

222 2905 347 2971 plentur.
393 2901 501 2954 Eodem
533 2899 666 2967 redeunt,
701 2919 773 2974 quae
805 2902 910 2976 proiert
941 2898 1157 2974 Theophra-

225 2995 299 3040 stus
319 2985 354 3039 de
371 2995 444 3039 ueni.
464 2989 543 3054 §.50.

155 3091 205 3161 ⁵7)
232 3097 340 3160 Quaese.
350 3092 435 3164 phys.
446 3093 467 3159 1,
488 3097 513 3153 7.
524 3109 553 3164 p·
566 3101 607 3151 11.
628 3112 665 3150 ex
677 3092 862 3150 bibl.Andr.
875 3094 1024 3151 schotti.
1037 3103 1116 3161 1599·
1133 3105 1158 3154 8.

156 3202 204 3268 58)
232 3204 333 3266 Quaeri
349 3207 444 3252 natur.
454 3197 491 3265 V,
510 3206 553 3256 18.
574 3199 630 3256 Cir.
652 3204 859 3274 Geoponich,
878 3210 904 3260 3.
923 3208 1026 3274 p.572.

180 3309 214 3380 l)
228 3303 349 3376 Negavit
366 3303 422 3358 hoo
439 3301 583 3360 veteribus
600 3315 699 3361 notum
717 3307 807 3362 luisse
819 3305 911 3361 Liuk
926 3307 1092 3364 nundinet
1110 3307 1160 3362 der

227 3391 453 3464 physicalischerr
477 3390 677 3450 Er‘dbesrlrd.
696 3401 796 3465 pall.
832 3392 885 3450 eui
903 3395 960 3450 nisi
985 3394 1081 3450 omnia
1105 3396 1161 3450 iau

230 3478 389 3534 obiicienda
413 3475 561 3546 haberem,
586 3497 659 3553 quae
681 3479 714 3534 in
737 3481 791 3534 hae
814 3482 991 3554 paragrapho
1014 3481 1162 3536 adlaturus

232 3581 311 3630 sum,
337 3583 510 3638 opponerem
535 3583 625 3620 unum
644 3567 726 3620 illum
751 3566 988 3638 Hippocratis
1013 3566 1064 3636 (de
1088 3573 1161 3635 nire,

234 3731 282 3806 lio)
301 3740 412 3805 losum,
436 3737 487 3793 ubi
505 3737 587 3800 disits
607 3747 708 3812 Aquae
725 3757 764 3794 eor
776 3738 914 3794 imbribus
932 3741 1062 3796 collectae
1079 3740 1167 3795 Ievis-

234 3827 324 3880 umus
347 3833 373 3879 et
396 3826 577 3881 dulcissimae
601 3837 682 3892 runt,
700 3828 878 3880 ienuksimue
900 3837 927 3880 et
946 3828 1165 3897 limpidissimae.

236 3914 286 3966 Sol
305 3914 394 3977 ιηίηι,
419 3912 492 3984 quod
507 3916 645 3984 imprimis
661 3916 692 3967 in
709 3930 785 3984 aqua
801 3915 957 3968 &nunrimr’
980 3924 1007 3968 et
1034 3915 1168 3971 levissimi

238 4003 327 4069 inest,
353 4017 465 4058 sursum
489 4000 632 4056 edaciter
657 4001 741 4072 rapit.
777 4001 813 4055 ld
834 4008 927 4054 uutnn
951 4018 990 4058 err
1012 4003 1072 4076 ipso
1094 4005 1170 4060 muri
