2824 4746
429 337 495 407 De
513 285 641 408 ¹Iride
670 337 819 408 lunart'.
1061 344 1125 410 19³

115 529 347 611 superstructae
369 515 487 585 fuerint
508 515 589 584 miro
612 515 711 583 odore
733 514 900 606 fragrare,
929 539 1024 609 quam
1052 517 1122 612 opi·

113 622 244 689 niunem
259 621 511 716 superstitiosam
531 643 607 689 sane
623 619 881 689 commemoravit
895 617 1055 692 Plinius
1066 625 1121 708 ¹³),

112 740 281 818 praeeunte
303 724 375 820 ipso
398 723 641 808 Aristotele,
669 723 723 818 qui
743 749 784 792 ne
807 722 889 792 tales
912 724 1041 817 quidem
1064 725 1120 794 ali-

112 831 241 921 quando
269 828 406 900 fabellas
430 831 638 924 adspernatus
662 842 728 914 est,
759 856 830 899 cum
862 828 946 898 dieat
979 826 1013 895 in
1050 835 1120 898 eius

110 935 200 1004 modi
239 935 317 1005 locis
344 935 444 1005 'mella
477 931 734 1028 frequentissima
769 933 900 1028 reperiri
914 935 969 1022 ¹¹).
1016 932 1121 1023 Quasi

111 1063 177 1108 uon
200 1038 296 1126 aliam
319 1041 452 1134 quisque
467 1038 576 1108 iridem
591 1036 804 1132 conspiceret!

581 1355 590 1374 .
613 1305 666 1376 45.

310 1519 316 1528 υ
424 1428 489 1499 De
509 1311 621 1510 Irt'lde
643 1429 798 1498 lunari.

126 1557 130 1568 ’
201 1568 320 1639 Itidem
344 1569 486 1638 lunarem
509 1569 596 1662 gigni
611 1591 706 1662 posse
723 1582 852 1637 censent
866 1567 1121 1637 Aristoteles

112 1671 332 1757 etSeneca‚
355 1671 688 1764 negatPlinius¹).
722 1670 1120 1757 Aristotelesdicit'),
1191 1759 1198 1770 ·

110 1777 246 1846 interdiu
269 1800 374 1847 arcum
399 1774 566 1846 caelestem
582 1797 602 1842 a
616 1773 685 1844 sole
707 1772 864 1866 originem
886 1771 1019 1858 trahere,
1042 1798 1117 1846 noc·

111 1896 144 1949 tu
178 1905 199 1950 a
231 1883 324 1951 luna:
366 1895 490 1950 veteres
523 1894 629 1948 autem
662 1895 735 1949 ante
768 1879 875 1975 ipsum
908 1876 1119 1973 philosophos

110 2001 284 2056 nocturnas
314 1983 411 2052 irides
442 2007 594 2078 negasse,
628 1985 746 2080 quippe
779 2009 849 2053 cum
879 2007 936 2054 eos
969 1983 1122 2077 fugissent

109 2104 242 2184 propter
271 2086 415 2157 eximiam
443 2089 623 2175 raritatem,
653 2090 738 2182 quod
760 2113 799 2158 eo
820 2087 947 2158 facilius
970 2088 1037 2158 fieri
1059 2113 1121 2185 po-

109 2192 236 2276 tuisset,
268 2216 363 2286 quum
391 2193 536 2263 tenebrae
559 2192 682 2268 colores
705 2191 848 2262 delerent
877 2209 909 2263 et
930 2192 1004 2261 alia'
1021 2195 1121 2264 multa

111 2295 205 2366 simul
227 2296 359 2366 existere
380 2295 553 2384 sesemet,
584 2299 612 2368 si
635 2299 763 2367 omnino
794 2321 950 2392 apparere
979 2315 1123 2392 possent.

113 2401 208 2495 Opus
233 2401 319 2470 enim
350 2425 437 2486 esse,
466 2418 502 2470 nt
530 2418 562 2470 et
583 2400 790 2496 plenilunium
821 2401 871 2485 sit,
895 2417 926 2470 et
955 2401 1032 2471 luna
1066 2419 1120 2472 aut

110 2508 226 2576 oriatur
247 2523 303 2576 aut
325 2505 456 2576 occidat.
500 2505 649 2591 Accedit,
678 2504 764 2599 quod
785 2503 884 2574 nubes
900 2501 1041 2578 ⁴imbrem
1063 2509 1117 2578 de-

109 2610 237 2682 mittens
266 2610 359 2680 lunae
385 2610 426 2680 sit
453 2607 587 2680 adversa
615 2632 745 2678 necesse
772 2623 831 2677 est.
877 2607 974 2679 Unde
1000 2610 1119 2680 factum

112 2731 208 2802 esset,
236 2725 272 2785 ut
299 2713 527 2811 quinquaginta
557 2712 648 2783 annis
678 2712 729 2782 bis
753 2727 876 2782 tantum
907 2713 1120 2806 apparuisset.
1222 2729 1230 2746 ²

110 3026 158 3097 13)
178 3027 250 3080 Hist.
271 3032 323 3078 not
351 3022 414 3087 ΧΗ,
432 3011 476 3078 ιλ.
495 3019 546 3076 ofr.
568 3019 636 3091 cap.
646 3019 668 3073 1.
688 3017 749 3090 §.ll
767 3026 829 3076 not.
848 3024 874 3078 ⁵.
892 3018 920 3078 6.

110 3130 157 3202 ιι)
182 3132 260 3186 uss.
278 3100 398 3186 animat.
416 3129 455 3196 v,
473 3133 518 3186 ιι.
537 3143 566 3200 p.
577 3133 638 3194 sss,
657 3123 686 3180 ι.
775 3167 779 3174 .

129 3239 158 3306 1)
181 3242 255 3292 Htst.
274 3246 334 3292 nat.
351 3237 386 3302 11,
405 3235 449 3294 60.

128 3346 158 3414 2)
182 3342 419 3414 Mneorologdtl,
438 3348 465 3396 2.
485 3358 513 3411 p·
529 3345 595 3406 372,
615 3355 645 3397 at
663 3342 719 3406 Kol
735 3335 803 3407 μεθ’
820 3333 924 3412 ἡμέραν
939 3340 991 3410 μὲν
1010 3338 1062 3409 λρισ
1078 3341 1121 3412 yt'-

180 3450 265 3495 νεται,
283 3427 388 3498 νιῗιιτωρ
407 3423 432 3480 d'
450 3423 503 3480 ιῖπὸ
524 3422 645 3494 σελήνης,
670 3421 705 3479 o‘r
722 3425 772 3494 μὲν
790 3422 819 3477 ot‘
840 3421 949 3494 ιῖρχιιῖσι·
971 3423 1055 3493 doura
1075 3423 1122 3482 otiu

180 3516 304 3591 ἐγίγνετο,
321 3514 399 3572 τοῦτο
417 3510 442 3568 d'
460 3516 567 3568 ἔπαθον
586 3509 634 3566 deul
651 3510 685 3565 td
704 3507 829 3563 σπάνιον.
847 3509 983 3566 ἐλάνθανε
1000 3507 1052 3584 γᾰρ
1071 3509 1122 3566 oti-

179 3597 247 3660 τοῦι·
269 3605 373 3674 γίνεται
390 3603 442 3672 μὲν
459 3596 517 3672 γάρ,
536 3593 655 3678 ὀλιγάκις
672 3595 701 3649 δὲ
719 3598 848 3666 γίγνεται.
865 3595 898 3650 τό
917 3593 942 3650 d'
960 3599 1059 3664 αἴτιον,
1079 3592 1123 3653 ὅτι

180 3685 206 3744 τ’
223 3686 253 3742 ἐν
270 3685 309 3756 τῷ
327 3685 416 3744 σκότει
434 3679 571 3742 λανθάνει
591 3680 627 3739 col
644 3679 792 3754 χρώματα,
817 3690 862 3738 καὶ
879 3677 949 3738 ἄλλα
973 3683 1059 3739 πολλοὶ
1083 3682 1126 3742 δεῖ

181 3779 332 3847 συμπεσεῖν,
350 3769 502 3829 καὶταῦτα
519 3765 611 3825 νιιῖντα
628 3771 658 3825 ἐν
676 3765 761 3840 ἡμέρᾳ
779 3765 831 3840 μιᾷ
850 3768 898 3824 τοῦ
920 3767 1016 3842 μηνός.
1038 3769 1068 3825 ἒν
1089 3769 1124 3845 τῇ

179 3858 337 3931 πανσελήνῳ
360 3856 411 3932 peip
438 3863 568 3932 γενέσθαι
591 3854 695 3929 σ’νιὶγιιη
719 3857 753 3912 τιν’
779 3855 889 3928 μέλλειν
918 3857 1046 3923 ἔσεσθαι,
1074 3867 1121 3914 unt

106 3965 108 3970 '
183 3956 248 4007 τότε
283 3942 481 4016 tessellatam
513 3942 533 4016 ἢ
558 3938 695 4013 dovotione.
721 3940 795 4001 διότι
825 3945 856 4000 ἕν
881 3945 968 4000 ἔτεσιν
995 3941 1063 4018 ι’πέρ
1090 3943 1124 4002 roi

181 4036 348 4107 πινιὴιισννιι
365 4032 405 4091 dle
423 4029 580 4103 ἐνιτὺχσμιν
595 4033 689 4103 μόνον.

875 4126 908 4176 13
