2850 4730
291 316 954 408 opinionesetobservationes.
1091 319 1133 392 Τί
1189 347 1191 354 ⁴

132 495 184 562 do'
200 497 264 562 αἵτ’
286 503 349 561 aut
369 493 482 578 vincit,
506 504 569 562 aut
588 492 747 561 vincitur:
769 493 929 560 luctandb
952 496 1041 564 enim
1061 517 1134 564 mo·

127 607 236 674 ‚veturs
284 598 397 666 Vincit
423 609 537 667 autem
559 599 656 688 circa
677 597 807 664 medios
831 605 964 684 noctes,
993 601 1136 668 vincitur

75 729 78 734 ·
128 702 225 770 circa
246 700 426 770 meniiiem.
464 703 558 770 Tunc
573 701 671 787 enim,
696 725 772 768 cum
796 701 914 785 νὶαααί,
937 703 994 769 soi
1013 703 1134 795 longis·

130 807 215 874 sime
243 815 299 874 est
327 817 499 876 remotus.-
533 829 611 874 cum
638 807 804 890 αι’κααίκν,
831 805 995 894 proxime
1016 805 1134 876 distat.

132 910 261 978 Ventus
287 933 361 978 αιτυ
384 910 541 980 exoritur
560 910 615 976 ντί
634 910 730 977 circa
751 909 836 976 solis
859 919 978 994 ortum,
1004 909 1059 976 vel
1077 910 1135 976 cir-

131 1037 176 1080 αα
198 1011 338 1082 obitum
367 1016 471 1083 Alter
493 1023 609 1082 autem
619 1013 735 1104 flatus
754 1013 897 1102 ponitur
913 1037 1029 1098 mane,
1061 1037 1138 1082 cum

133 1116 289 1186 vincatur
321 1125 399 1204 air,
437 1120 528 1188 alter
551 1141 703 1208 vespere,
733 1143 810 1186 cum
840 1119 983 1209 denique
1012 1118 1136 1187 νίιιταί.

124 1218 279 1312 Inde-fit,
304 1233 345 1298 ut,
367 1233 544 1292 tentorum
566 1222 629 1289 alii
647 1222 743 1290 circa
755 1221 934 1306 τυτττἈίιιη,
958 1221 1022 1290 alii
1040 1223 1137 1292 circa

125 1325 274 1392 mediam
295 1339 432 1397 noctem
443 1328 541 1419 flore
562 1327 732 1397 destrunt.
768 1325 884 1396 Verba
903 1327 975 1420 ipsa
997 1326 1135 1396 auctoris
1221 1350 1228 1370 ’

125 1433 207 1510 haec
235 1447 347 1504 sumt
367 1430 440 1506 Διῶ
469 1438 508 1505 τί
529 1432 645 1521 μισῶν
673 1431 807 1502 νυκτῶν
835 1434 894 1504 καί
919 1437 1136 1528 μεσημβρίας

127 1533 259 1622 μάλιςα
287 1532 384 1609 εὐδία
411 1543 581 1628 γίγνεταις
611 1535 633 1634 ἢ
662 1535 790 1608 διότι
769 1567 791 1634 η
813 1541 960 1661 νηνεμία
982 1536 1056 1612 iria
1077 1535 1137 1608 ἀέ-

115 1645 189 1734 ’ρος
205 1635 320 1718 ςάσιςς
344 1645 443 1736 &qna
458 1642 496 1710 δὲ
519 1637 664 1726 μάλιςα,
688 1641 774 1710 ὅταν
797 1639 942 1765 κρατῇἢ
958 1639 1135 1731 κρατῆται,

123 1738 326 1832 μαχόμενος
341 1742 380 1812 δὲ
393 1751 549 1814 κινεῖται.
570 1754 691 1840 κρατεῖ
710 1741 775 1832 μὲν
795 1737 859 1812 οὖν
877 1740 1011 1832 μάλιςα
1022 1744 1138 1866 μισῶν
1193 1771 1202 1786 ·

123 1844 270 1932 νυκτῶν,
281 1854 458 1941 agravatam
472 1847 510 1918 tt
521 1854 750 1944 μεσημβρίαςι
759 1845 835 1918 τότε
847 1841 974 1936 μὲν
927 1874 995 1940 γαρ
1010 1875 1031 1916 ο
1022 1845 1138 1938 ’ἥλιος

124 1948 343 2046 πορρωτάτω,
353 1946 429 2019 τότε
441 1949 508 2020 δί’
490 1950 662 2044 εμγυτῶττα
673 1957 811 2042 γίνεται·
823 1957 874 2053 τῃ
882 1947 1029 2045 ἄρχεται
1041 1948 1138 2022 πνεύ-

56 2139 62 2146 ,
124 2083 220 2143 ματα
241 2082 264 2146 η
251 2053 364 2149 περὶ
384 2055 474 2124 ta
449 2084 472 2148 η
496 2061 572 2183 περὶ
593 2054 737 2183 δυσμάς·
757 2054 855 2150 λήγει
875 2055 915 2127 tt
935 2086 976 2128 το
969 2050 1064 2144 μίν
1078 2061 1137 2125 tto-

123 2157 244 2244 θεν,
221 2187 307 2256 ow
328 2162 496 2259 κρατηθῇ,
518 2193 557 2234 το
549 2158 663 2235 δί’
639 2192 706 2234 ααο
698 2159 923 2252 δυσμῶν,”
902 2189 988 2232 οταν
1008 2159 1136 2254 παύση·

124 2291 180 2334 ται
193 2263 341 2358 κρατῶν.
357 2261 602 2359 συμβαίνει
559 2298 623 2340 ουν
637 2265 682 2340 τῶ
694 2269 763 2360 μὲν
777 2270 996 2363 μεσημβρίας
1010 2263 1135 2336 παύεσ-

126 2373 207 2448 θαι,
237 2397 280 2438 τα
312 2368 350 2439 δὲ
375 2370 491 2456 μισῶν
511 2372 654 2443 νυκτῶν.
702 2372 796 2461 Quae
819 2372 918 2438 verba
941 2395 1012 2438 cum
1034 2367 1135 2464 expli·

126 2487 198 2558 catu
228 2472 291 2540 sint
323 2471 519 2560 difficillima,
544 2455 693 2595 profecto
721 2475 892 2544 dolendum
921 2488 971 2542 est
1000 2471 1135 2542 Theo·

124 2574 284 2670 phrasti
305 2577 448 2646 locum¹¹
453 2590 476 2661 ),
500 2578 553 2672 qui
575 2580 729 2673 optimum
744 2579 896 2674 praebere
918 2592 1027 2672 posset
1049 2601 1135 2646 com-

106 2681 323 2766 mentarium,
346 2699 393 2752 tot
416 2681 537 2752 lacunis
559 2708 631 2752 esse
653 2684 817 2778 repletum.
861 2680 1008 2770 intelligo
1030 2696 1136 2748 tamon

125 2788 220 2857 verba
243 2787 282 2856 de
306 2803 468 2857 ventomm
493 2811 513 2854 a
534 2787 614 2855 mari
628 2803 668 2855 ot
690 2812 709 2852 a
731 2804 815 2854 terra
836 2782 1022 2880 spirantium
1042 2783 1136 2851 alter-

121 2893 262 2959 natione.
307 2892 343 2959 si
373 2894 459 2957 enim
486 2887 554 2986 ἇὴρ
577 2897 684 2957 ιὸτεαι
705 2905 805 2959 terrae
826 2889 1010 2984 impositum
1040 2887 1136 2981 signi·

123 2993 217 3078 ficat,
241 3009 314 3064 tunc
335 2992 472 3062 malacia
495 2991 616 3093 (ἀέρος
638 2992 753 3077 stitit)
782 2995 816 3064 fit
836 2995 984 3090 primum,
1008 2991 1093 3066 ὅταν
1114 2993 1135 3064 α’

121 3097 192 3195 ῶῆρ
215 3097 332 3197 κρατῇ,
356 3100 376 3169 i.
393 3125 420 3168 e.
440 3115 610 3196 postquam
632 3100 764 3194 spiravit
786 3101 908 3170 amari
937 3103 1051 3192 flatus',
1079 3105 1136 3170 air

121 3219 225 3272 autem
250 3219 399 3288 terrenus,
423 3229 485 3298 quo
507 3205 611 3274 minus
628 3205 763 3302 amplius
779 3205 843 3291 flet,
867 3206 997 3303 impedit
1020 3222 1051 3276 et
1064 3227 1134 3272 ma·

119 3307 189 3376 rino
210 3313 284 3392 aire
307 3306 452 3402 frigidior
480 3307 616 3400 sactus„
634 3334 653 3379 a
674 3311 781 3379 littore
812 3310 854 3379 ad
884 3311 986 3379 undas
1018 3308 1135 3378 fertur:

121 3411 243 3498 deinde,
265 3412 350 3485 ὅταν
374 3414 549 3510 κρατῆται,
564 3417 586 3486 i.
602 3443 629 3486 e.
653 3415 782 3511 quando
797 3415 936 3482 marinus
958 3420 1023 3494 air,
1039 3403 1133 3506 ¹po'st·

119 3538 215 3612 quam
241 3543 298 3612 per
318 3536 443 3590 noctem
474 3539 584 3592 ventus
614 3547 635 3592 a
664 3538 748 3589 terra
772 3515 926 3610 aspiravit,
956 3529 1134 3582 terrestrem

35 3687 38 3696 ,
120 3645 176 3691 sna
198 3621 266 3690 vice
289 3625 382 3717 cogit,
405 3641 440 3695 ut
461 3627 503 3695 ad
525 3652 614 3696 mare
629 3623 763 3720 provehi
786 3621 921 3706 desinat,
946 3618 1059 3687 deinde
1080 3645 1132 3687 vo·

116 3747 163 3810 ro,
186 3740 272 3818 terra
293 3727 427 3821 amplius
450 3729 614 3816 calefacta,
636 3729 706 3824 ipse
731 3726 853 3796 amari
875 3725 916 3796 ad
937 3723 1047 3793 littora
1068 3722 1130 3794 fer·

118 4049 564 4123 11)Deomtts.§.18.p.76t.
617 4065 625 4080 .
