2846 4734
212 291 216 304 ⁸
279 311 321 386 12
637 305 925 378 Introductio.

277 485 347 580 quis
376 484 476 570 enim,
512 482 565 580 qni
602 479 748 580 physices
782 483 956 554 recentiore
983 505 1063 552 aevo
1094 507 1289 578 progressus

275 587 452 661 describere
475 587 680 674 constitnerit,
703 613 811 658 omnes
835 587 1051 671 Kastneri,
1074 586 1286 664 Dittmari,
1401 677 1402 694 ἵ

273 693 492 786 Wagneri,
534 693 730 787 aliorumque
768 691 920 762 eiusmodi
953 692 1110 762 minorum
1140 695 1288 788 gentium

275 798 437 870 bominum
466 815 644 869 commenta
676 819 855 891 nugasque,
894 822 973 890 quas
1001 797 1135 868 crastina
1163 798 1286 868 delebit

273 904 351 992 dies,
374 920 542 1000 componet
564 920 686 972 etcum
709 900 838 994 reliquis
854 902 1017 972 sententiis
1035 905 1092 988 ²⁶)
1115 903 1290 982 conciliare,
1402 917 1403 976 3

273 1011 435 1084 studebit?
463 1008 513 1078 Ea
534 1023 639 1077 autem
661 1029 738 1099 prae
760 1005 891 1076 caeteris
915 1005 1072 1076 afferenda
1096 1007 1177 1088 duxi,
1202 1032 1282 1101 quae

274 1116 316 1186 ad
343 1111 565 1207 intelligendos
600 1108 820 1180 Aristotelicos
860 1113 900 1180 de
929 1108 1157 1205 meteorologia
1192 1112 1279 1182 locos

270 1216 414 1290 utilitatis
438 1214 560 1310 aliquid
583 1213 734 1309 praebere
754 1231 897 1310 possent.
941 1215 1028 1284 Inter
1048 1213 1183 1286 Latinos
1211 1218 1277 1290 lau·

271 1322 397 1394 dandus
420 1337 469 1390 est
484 1318 711 1390 Lucretius.
750 1317 939 1388 Collectoris
955 1335 1076 1388 tantrnn
1090 1337 1201 1414 partes
1217 1323 1279 1414 ogit

268 1427 443 1512 Plinius,
466 1423 564 1494 molta
586 1447 684 1516 eaque
708 1446 786 1490 sana
809 1423 940 1519 protulit
960 1427 1126 1508 Seneca,
1150 1426 1277 1495 Stoicae

269 1530 454 1627 disciplinae
492 1525 631 1600 adsecla.
696 1529 765 1614 Ea,
800 1551 881 1621 qnae
915 1553 952 1596 ex
979 1527 1109 1622 reliquis
1143 1531 1275 1625 scripto·

268 1636 355 1706 ribos
386 1634 516 1706 alicuius
544 1635 696 1702 momenti
727 1657 798 1702 esse
832 1631 992 1717 videntur,
1040 1652 1184 1732 excerpta
1218 1660 1275 1705 suo

267 1741 340 1812 loco
363 1742 553 1813 addidimus.
597 1737 680 1808 Post
701 1763 846 1807 somnum
870 1739 1049 1833 quindecim
1077 1739 1144 1810 fere
1167 1763 1272 1810 saecu·

267 1844 381 1929 lorum,
406 1844 590 1917 Cartesii
613 1859 644 1912 et
665 1843 841 1912 Baconis
864 1843 991 1937 ingenia
1014 1869 1126 1913 sanam
1141 1843 1271 1937 denique

266 1947 528 2042 meteorologiam
550 1949 584 2018 in
607 1948 704 2016 vitam
726 1963 932 2016 revocarunt:
955 1964 988 2016 at
1015 1947 1126 2018 iterum
1148 1947 1274 2016 dormiit

268 2053 311 2122 ad
332 2053 469 2122 medium
492 2075 591 2144 usque
614 2050 772 2120 saeculum
795 2068 940 2121 octavum
962 2052 1128 2122 decimum.
1172 2049 1272 2120 Deni-

269 2183 330 2253 que
353 2173 466 2226 nostra
488 2171 590 2226 aetate
613 2153 665 2228 lux
681 2155 731 2224 vix
752 2181 904 2250 umquam
926 2174 1106 2251 exspectata
1121 2157 1149 2226 ei
1162 2154 1271 2234 sufful-

266 2262 308 2332 sit
329 2288 368 2330 ex
389 2259 558 2329 recentiore
572 2259 676 2328 ¹totins
700 2259 843 2354 physices
866 2261 1051 2330 tractatione
1075 2277 1106 2330 et
1128 2284 1269 2355 praescr-

264 2364 570 2436 tichrmanorum
585 2363 811 2433 Alexandri
833 2363 1270 2433 abHunrholdtetheo·

264 2470 383 2568 poldi
406 2495 425 2538 a
447 2467 554 2538 Bucb
585 2471 696 2539 merita
724 2472 844 2567 posteri
868 2469 953 2538 insta
982 2468 1077 2540 laude
1111 2469 1269 2538 extollent.

263 2574 355 2661 Nos,
377 2591 412 2645 ut
433 2574 569 2644 breviter
591 2574 707 2670 incepti
736 2576 841 2670 operis
871 2572 1037 2644 consilinm
1065 2597 1269 2668 exponamus,

261 2680 340 2752 nihil
363 2679 449 2750 eliud
472 2678 603 2773 agimus,
625 2678 688 2748 nisi
709 2696 744 2749 ut
765 2696 904 2748 veterum
920 2677 1108 2770 scriptorum
1120 2677 1164 2776 de¹
1173 2677 1269 2772 phae-

262 2787 406 2864 nomenis
429 2784 524 2856 aeriis
547 2783 718 2854 sententias
750 2799 781 2851 ct
804 2783 1041 2851 observationes
1072 2782 1267 2874 colligamus,

262 2915 499 2986 componamus,
531 2889 709 2980 digeramus
733 2905 765 2958 et
788 2913 881 2982 quern
904 2913 1013 2956 nerum
1042 2887 1136 2958 etiam
1159 2903 1269 2955 nostra

260 3009 363 3064 aetate
393 2995 529 3061 fructum
562 3017 599 3058 cx
629 2989 718 3059 hisce
746 2992 946 3084 opinionibus
974 2990 1137 3087 percipere
1164 2991 1267 3085 possi-

260 3121 339 3180 mus,
362 3093 536 3162 luculenter
557 3092 818 3162 demonstremus.
862 3095 972 3189 Itaque
1001 3119 1102 3189 neque
1129 3095 1265 3190 philolo-

260 3201 321 3294 gis,
344 3224 414 3267 cnm
436 3196 541 3265 multis
565 3212 706 3264 veterum
730 3198 918 3292 scriptorum
941 3198 1019 3268 locis
1034 3225 1150 3268 novam
1165 3199 1267 3269 lucem

259 3331 297 3378 ex
319 3303 404 3372 hisce
427 3300 695 3396 disquisitionibus
718 3301 865 3395 affulgere
895 3330 961 3372 non
984 3305 1044 3389 sit,
1068 3305 1152 3398 quod
1175 3304 1264 3372 dnbi-

258 3425 318 3496 tes,
341 3433 442 3499 neque
456 3405 607 3502 physicis,
631 3430 701 3473 cnm
715 3406 813 3476 multa
828 3408 997 3478 memoriae
1021 3409 1119 3502 digna
1141 3425 1273 3477 veteres⁴

257 3513 454 3611 prodiderint
476 3538 577 3606 neque
601 3510 716 3595 omnia,
740 3536 820 3605 quae
843 3511 921 3607 ipsis
936 3528 1012 3582 nota
1035 3529 1133 3596 erant,
1156 3539 1263 3582 recen·

208 3640 211 3646 '
257 3619 389 3689 tioribus
412 3617 588 3688 innotuisse
610 3617 791 3702 videantur,
814 3643 915 3712 neque
945 3617 1084 3708 denique
1110 3616 1263 3688 historiae

257 3723 436 3803 cultoribus,
459 3747 531 3790 eum
555 3720 698 3812 quaestio
721 3745 816 3815 saepe
839 3721 953 3814 diuque
974 3719 1134 3805 ventilata,
1157 3736 1263 3790 utrum

257 3827 341 3896 airis
364 3842 478 3912 status,
497 3840 659 3917 terraeque
682 3853 752 3896 cum
773 3827 830 3896 illo
853 3825 1018 3897 coniuncta
1029 3825 1170 3896 conditio
1192 3853 1264 3896 run·

213 4005 217 4014 ι
254 4039 302 4110 26)
326 4039 418 4094 Immo
434 4053 502 4096 num
520 4036 780 4099 observationibus!
