2846 4734
462 347 775 414 inuniversnm.
860 403 862 409 s
928 417 931 422 ,
1072 351 1114 423 37

107 537 205 604 teora,
214 520 448 592 'ea'incensione
462 520 552 589 nasci
568 524 799 620 (dmeeope'epe
812 521 1013 618 γίνεταίτῆς
1028 523 1112 596 ἁναέ

105 624 331 715 ovetensem:
358 651 437 722 quae
460 652 498 696 ex
523 625 672 696 inferiore
700 629 782 696 airis
812 642 903 720 parte
930 630 970 696 ad
997 644 1113 698 terram

84 725 294 816 'deseramne
316 756 356 798 ex
377 730 553 800 extrusione
572 731 708 823 quadam
730 747 833 800 ortum
854 729 970 800 hahere
995 736 1111 828 (inepr-
1138 721 1142 730 ⁴

105 837 254 932 νομένης
276 834 335 906 dni
354 832 396 907 ed
410 835 567 904 συνιέναι
581 837 640 904 καὶ
654 834 834 927 ψύχεσθαι
847 829 909 929 τήν
923 836 1112 931 ὑγροτέραν

103 934 370 1026 ἁναθνμίασιν).
415 937 677 1023 Aristoteles,
701 939 728 1006 si
749 938 853 1030 ignem
870 947 1037 1026 extrusum,
1059 939 1113 1008 ubi

22 1115 25 1124 Ι
102 1038 224 1108 humidi
254 1065 388 1136 vapores
416 1042 482 1112 sive
504 1043 538 1110 in
560 1042 707 1128 fluidum,
741 1043 807 1112 sive
836 1041 1027 1136 inrigidum
1048 1059 1111 1112 sta·

102 1157 173 1230 tum⁴
191 1159 366 1233 transeunt,
398 1138 761 1244 electrieum'vocasset,
797 1172 872 1216 vera
904 1145 1111 1216 electrieitatis

102 1248 395 1342 atmosphaerieae,
411 1275 506 1344 quam
520 1277 601 1321 nune
616 1252 743 1321 demum
758 1250 967 1342 agnoscimus,
990 1251 1111 1320 theoria

100 1353 185 1446 apud
212 1354 315 1448 ipsum
338 1355 627 1449 deprehenderetur.
672 1355 783 1448 Pergit
811 1354 910 1438 enim,
941 1372 1110 1450 postquem

97 1457 230 1526 fulmina
258 1461 435 1530 eiusmodi
457 1459 683 1558 phoenomenis
706 1456 802 1558 nepti
822 1463 997 1556 ἐκκρίσεως
1025 1462 1108 1530 natis

98 1564 291 1630 accensenda
313 1588 383 1633 esse
406 1564 499 1632 dixit:
531 1565 692 1633 Omnium
713 1567 835 1634 luorum
856 1563 1108 1652 phoenomena·

97 1687 176 1732 rum
194 1666 294 1756 origo
322 1690 391 1734 non
414 1693 437 1734 o
465 1689 546 1730 cero
568 1667 772 1748 incensione,
796 1667 860 1732 sed
880 1691 903 1732 o
925 1670 1110 1750 secretione

96 1768 262 1860 quadem,
285 1793 375 1860 quoe
397 1768 600 1844 extensionis
622 1768 755 1836 mtione
764 1769 853 1860 fiet,
884 1779 938 1834 est
959 1777 1110 1858 repeten-

97 1875 157 1957 do,
181 1872 312 1963 qut'ppe,
328 1897 403 1940 cum
426 1897 473 1941 er
487 1883 633 1939 naturae
648 1873 729 1962 lege,
754 1896 853 1942 omne
868 1872 1017 1942 calidum
1031 1900 1107 1942 sur·
1186 1895 1190 1906 ·

97 2001 175 2044 sum
184 1976 339 2068 serator,
371 2001 511 2044 necesse
532 1977 578 2044 sit
589 1981 626 2057 ¹).
670 1976 889 2046 Posteriorum
917 1977 1107 2070 phaenome·
1179 1978 1182 1986 ’

92 2105 210 2154 norum
239 2095 369 2150 numero
392 2084 487 2150 etiam
510 2081 669 2149 stellamm
691 2083 890 2174 trajectiones
912 2083 1105 2170 adnumerat,

98 2210 211 2254 sereno
234 2183 321 2254 coelo
345 2201 376 2254 et
397 2202 492 2254 noctu
514 2201 546 2253 et
560 2185 702 2273 interdiu,
726 2201 757 2254 et
779 2203 861 2255 terra
884 2203 914 2255 et
935 2188 1015 2256 mari
1038 2190 1106 2256 fieri

95 2291 403 2383 solitas,.nunquam
425 2306 529 2358 autem
551 2291 660 2359 nubilo
683 2291 784 2360 coelo.
830 2290 976 2384 Denique
999 2293 1105 2360 omnia

19 2415 22 2422 “
53 2445 54 2448 ¹
93 2395 185 2464 istius
201 2395 288 2461 modi
310 2393 527 2488 phaenomena
541 2394 632 2466 κάτω
648 2395 788 2495 σελήνης
803 2395 871 2462 lieri
893 2412 1007 2481 censet,
1030 2422 1102 2466 cau·

94 2508 225 2591 samque
252 2498 340 2568 addit
362 2523 470 2568 eorum
488 2497 619 2567 nimiam
637 2499 842 2583 celeritatem,
871 2499 1003 2594 ideoque
1031 2499 1103 2594 ipsa

92 2629 159 2672 non
186 2602 295 2696 procul
326 2603 393 2670 ficri
415 2617 496 2670 certe
517 2628 583 2672 non
604 2619 786 2697 tantopere,
817 2620 967 2698 quantum
994 2604 1101 2672 lunam

91 2724 124 2777 et
145 2707 267 2800 reliqua
294 2708 409 2792 sidera,
431 2706 526 2775 tacito
557 2725 662 2778 meatu
689 2737 746 2805 per
768 2704 890 2776 coelum
913 2707 1100 2776 delabentia.

179 2812 271 2880 Haec
301 2811 367 2880 fere
390 2811 670 2896 Aristoteles,
690 2815 776 2882 cuius
807 2809 995 2878 sententiam
1021 2809 1100 2876 irtte-

89 2939 185 3009 gram
205 2913 258 2982 hic
280 2914 491 3006 exposuimus,
513 2930 548 2982 ut
569 2937 633 2982 uno
649 2913 757 2983 obtutu
779 2936 817 2982 co
835 2911 946 2980 melius
970 2912 1101 3006 intelligi

87 3017 206 3116 possit.
230 3017 352 3106 'Quod
380 3017 482 3110 primo
504 3017 575 3088 loco
596 3019 761 3113 proponit,
796 3043 889 3086 omne
912 3041 1027 3113 corpus
1051 3017 1099 3084 sui

88 3121 216 3220 generis
252 3122 419 3218 vaporibus
450 3147 521 3192 esse
554 3123 795 3208 circumdatum,
829 3122 882 3216 qui
914 3121 1025 3191 deinde
1063 3121 1097 3189 in

86 3237 196 3298 a'erem
229 3243 389 3299 transeant
422 3244 453 3296 et
488 3227 576 3296 varia
606 3230 685 3297 varii
719 3228 843 3320 generis
877 3225 1097 3320 phaenomena

87 3348 275 3429 provocent,
305 3331 339 3398 id
361 3355 419 3398 nos
444 3331 575 3426 quoque,
599 3333 655 3402 etsi
669 3328 822 3429 plurimos
845 3331 991 3426 physicos
1016 3329 1095 3411 alius

87 3461 161 3524 esse
185 3437 343 3530 opinionis
366 3437 447 3504 bene
468 3437 612 3506 novimus
619 3491 629 3522 ,
659 3438 829 3506 averitate
852 3458 917 3501 non
945 3431 1094 3502 abhorre-

87 3570 121 3612 re
138 3566 299 3613 censemus
322 3541 431 3610 etalio
447 3541 686 3618 morlocoeius
708 3541 878 3610 sententiae
901 3550 1094 3628 argumenta,

89 3661 242 3742 quantum
263 3645 354 3712 nobis
370 3645 501 3738 videtur,
524 3645 779 3728 luculentissima,
802 3665 979 3738 proponere
999 3661 1109 3740 cona-¹¹

111 3876 142 3946 5)
159 3869 275 3929 Πάντων
290 3869 341 3946 γάρ
358 3872 461 3932 τούτων
478 3873 497 3947 ἤ
514 3881 617 3949 γένεσις
635 3874 681 3933 oin
698 3876 826 3952 εἶ’κκᾳυσισ,
844 3870 903 3930 ἄλλ’
915 3873 1028 3943 tienne
1039 3867 1091 3926 v‘rrd

158 3959 205 4032 τῆς
217 3959 370 4034 instruente
381 3963 445 4034 ε’ςιν,
463 3965 520 4021 ἐπεὶ
531 3961 601 4026 nerei
614 3968 695 4035 odore
706 3985 735 4036 γε
746 3959 779 4019 ed
789 3961 900 4036 θερμδν
917 3958 973 4016 ἄνω
989 3965 1090 4032 πέφυκε

159 4053 290 4120 φέρεσθαι
307 4048 370 4108 πᾶν.
