2846 4734
514 273 752 362 roporr'bni.
809 247 811 254 Ι
1092 277 1135 340 39

121 453 193 546 ipso
216 453 287 518 atre
310 448 411 541 gigni,
439 447 505 518 sive
527 445 585 543 p'er
607 453 713 516 utrem
735 447 859 518 aliunde
882 450 923 517 ad
945 463 1046 516 terrae
1076 471 1127 516 su-

120 549 282 650 perficiem
303 547 466 647 pervenire
489 552 618 622 censuit.
663 552 866 646 Quamquam
892 577 966 621 vero
994 569 1025 624 et
1052 569 1127 622 ante

121 657 387 726 Aristotelem
408 673 441 728 et
461 674 536 753 post
556 683 627 727 eum
640 657 765 728 fuerunt
777 659 859 728 inter
880 651 999 726 veteres
1022 656 1126 752 philo-

123 761 253 858 sophos,
276 761 331 855 qui
352 760 472 854 lapides
494 787 533 830 ex
555 761 628 832 edre
651 762 758 832 delabi
779 761 999 845 concesserint,
1021 777 1126 830 tumen

119 871 163 937 ed
177 866 388 938 retentionem
407 891 508 961 usque
531 885 665 938 aetutem
685 867 775 937 nullo
797 884 880 937 certa
901 889 940 935 ea
960 866 1001 932 de
1023 891 1058 932 re
1079 866 1127 932 in-

119 969 175 1058 tor'¹
195 971 349 1066 physicos
380 976 536 1042 sententio
557 971 701 1057 invaluit,
733 973 833 1042 donec
855 971 971 1040 indeo
995 967 1124 1038 Glau-

117 1079 217 1145 bero
232 1071 371 1160 ¹²)'nerno
402 1073 538 1172 amplius
564 1075 633 1146 fieri
661 1077 695 1146 id
716 1087 809 1172 pudeo
834 1079 883 1148 io·
902 1075 1128 1146 dubitationem

116 1195 253 1250 vocaret.
301 1179 425 1248 Certior
447 1198 549 1252 autem
570 1209 620 1252 res
641 1181 726 1251 sacta
748 1200 808 1270 est,
838 1209 876 1250 ex
898 1206 960 1276 quo
983 1179 1125 1248 Dome-

115 1288 205 1360 nico
228 1283 374 1370 Troili,
400 1311 440 1354 ex
466 1289 613 1360 societate
634 1287 719 1373 Iesu,
744 1303 854 1360 notum
875 1309 964 1360 stum
986 1282 1126 1354 libellum

115 1390 341 1485 eomposuit³).
380 1389 552 1460 Cbladni
573 1393 688 1462 deinde
709 1409 824 1478 noster,
846 1415 886 1460 ne
909 1390 978 1485 quis
995 1402 1126 1484 putaret

104 1495 288 1588 eiusmodi
309 1495 430 1588 lapides
451 1519 524 1591 roro
545 1505 667 1566 'tentum
686 1498 853 1581 decidisse,
875 1494 1018 1591 quicquid
1040 1493 1127 1586 opud

117 1608 240 1667 veteres
264 1611 295 1663 et
314 1589 502 1664 recentidres
526 1623 563 1666 ea
586 1603 625 1668 de
647 1625 681 1667 re
703 1599 831 1690 legitur,
860 1599 1026 1690 diligenter
1049 1621 1122 1664 con·

91 1749 94 1758 2
119 1698 229 1798 gessit,
253 1725 356 1793 quem,
378 1725 418 1767 ue
441 1697 582 1768 locorum
603 1727 641 1769 ex
664 1701 817 1770 veteribus
840 1701 1041 1794 scriptoribus
1062 1699 1123 1766 iar-

117 1803 227 1896 rngine
250 1803 428 1890 obruamur,
456 1801 592 1874 conferri
607 1797 755 1874 bibemus
765 1809 802 1888 ⁴).
847 1805 1011 1876 Siccorum
1026 1825 1123 1896 vapo-

116 1915 187 1978 rum
213 1931 274 1999 ope
305 1923 515 2000 provocantur
537 1934 575 1978 ex
603 1925 714 1995 nostra
742 1911 910 2002 opinione,
933 1933 1027 2004 quam
1059 1905 1123 1976 alio

115 2015 188 2082 loro
210 2037 284 2080 mox
305 2013 433 2082 uberius
449 2036 649 2108 exponemus,
674 2012 806 2084 siccae
829 2013 992 2084 nebulae
1017 2025 1122 2106 (quam

116 2117 279 2187 retinaculo
306 2117 476 2187 vocabulo:
505 2116 837 2202 ‚,Hohenrouch“,
860 2119 943 2188 sive:
966 2115 1121 2202 „Heer-

115 2221 263 2310 ronch“
284 2245 431 2290 vocamus
453 2239 484 2291 et
506 2245 567 2316 qua
588 2221 741 2314 imprimis
765 2247 847 2290 anno
874 2227 958 2296 1783
974 2235 1040 2288 tota
1054 2216 1120 2287 fere

113 2325 276 2418 tegebatur
290 2325 431 2420 Europa)
455 2324 689 2420 phaenomena:
712 2325 873 2396 videamus
897 2325 1020 2410 deiude,
1043 2351 1120 2393 num

115 2428 235 2525 aliquid
265 2454 301 2498 ea
325 2430 363 2499 de
385 2457 419 2499 re
443 2427 529 2525 apud
551 2448 669 2500 veteres
691 2433 894 2526 reperiamus.
939 2429 1012 2500 Huc
1034 2427 1120 2498 deni·

116 2535 341 2632 quopertinet
371 2558 511 2606 aurora
544 2535 729 2620 borealis,
768 2537 853 2612 ouius
881 2552 985 2606 utrum
1015 2531 1122 2626 aliqua

114 2641 199 2736 apud
221 2633 497 2736 vetereslvestigia
518 2638 802 2733 deprehendamus,
830 2665 873 2708 an
896 2663 1001 2723 secus,
1029 2638 1120 2741 nobis

112 2745 170 2812 erit
192 2742 436 2840 disquirendum.
836 2763 839 2772 ’

576 2939 604 3022 s.
628 2937 658 3008 7.

115 3031 538 3149 Doignet‘sglobisot
557 3058 606 3126 de
628 3058 847 3150 lapidibus
868 3039 1120 3126 meteoricis.

204 3195 299 3291 Apud
322 3197 582 3268 Aristotelem
604 3202 644 3268 de
667 3187 765 3292 igneis
787 3187 888 3290 globis
911 3198 988 3280 hoec
1012 3197 1120 3292 legun-

116 3320 177 3372 tur:
209 3302 342 3392 Frtlgor
364 3304 524 3396 estwignis
548 3306 715 3389 collectio,
738 3305 851 3395 quiin
873 3312 950 3370 ot’re
973 3303 1121 3370 exarsit:

118 3463 327 3480 m-

141 3551 173 3620 2)
191 3549 310 3604 Journal
327 3549 362 3606 de
383 3552 530 3625 Pbysique.
548 3553 608 3610 XC.
628 3571 657 3624 p.
676 3555 719 3608 26.

142 3644 171 3706 3)
190 3638 275 3692 Delio
299 3640 406 3696 cadero
425 3640 458 3697 di
468 3645 514 3696 'un
531 3659 609 3697 sasso
628 3641 699 3696 dott’
718 3640 781 3692 orio
803 3640 1023 3711 rugionomento
1060 3640 1124 3698 Μο-

189 3723 262 3778 denu
281 3725 359 3788 1766.
601 3708 606 3722 ’
934 3777 937 3790 .

145 3811 175 3882 lt)
199 3811 283 3868 veter
300 3821 504 3873 Feuometeore
526 3815 646 3873 und'dte
669 3819 722 3870 mit
748 3815 894 3870 denselben
919 3814 1124 3888 bernbgesoile-

190 3919 244 3955 nen
268 3908 396 3956 Messon.
411 3893 497 3960 duel.
524 3913 550 3962 8.
593 3904 689 3960 Wien.
710 3912 786 3968 1819,
834 3903 876 3959 Gi.
902 3902 995 3957 Gilb.
1019 3905 1123 3959 Annol.

192 3991 363 4061 vautp
391 3995 453 4054 329.
478 3994 575 4048 LXxl.
600 4010 629 4065 p.
645 3999 706 4051 358.
737 3991 973 4064 Schweigger
997 3992 1125 4049 Journal.
