2850 4730
288 331 331 398 58
577 329 807 398 Ventorum
829 326 1000 394 theoria

287 504 371 586 oria,
405 525 501 598 quam
535 504 701 599 proposuit
737 499 1093 598 Theophrastus').
1137 496 1171 568 Is
1206 503 1294 570 enim

287 607 422 701 primum
451 607 578 702 quidem
600 625 764 678 ventorum
785 625 941 678 auctorem
963 623 996 676 et
1017 607 1198 675 effectorem
1225 623 1292 676 sta·

286 712 344 781 tuit
366 713 493 798 Solem,
517 714 603 808 quod
625 714 739 783 deinde
760 714 865 782 miuus
888 737 959 780 vere
983 711 1102 780 dictum
1123 733 1195 778 csse
1219 737 1293 780 cen·

174 843 177 852 ⁴
284 841 357 886 sens
395 819 516 888 adiicit:
553 815 645 912 τάχα
674 815 704 890 d
732 816 794 888 οὐκ
819 815 950 912 ἀληθές
977 813 1139 886 καθόλου
1169 811 1293 904 εἰπεῖν,

284 919 360 994 ἀλλ’
380 925 426 1005 ὥς
447 924 470 1016 ἡ
492 921 733 1012 ἀναθυμίασις
762 919 864 1000 οὗτος
893 919 923 992 δ’
955 921 987 1000 (ὁ
1008 920 1117 1017 ἥλιος)
1141 918 1184 998 ὦς
1206 947 1293 990 ουν-

285 1027 414 1124 epydr,
451 1027 495 1094 ita
522 1041 558 1092 ut
583 1026 647 1094 fere
676 1027 717 1094 ad
748 1024 929 1094 Aristotelis
958 1025 1114 1094 theoriam
1142 1039 1293 1110 recurrat,

285 1133 340 1226 qui
361 1132 456 1200 etiam
470 1128 590 1198 addidit
602 1132 664 1212 ¹⁰):
686 1130 706 1198 ὁ
727 1126 756 1202 d
778 1129 873 1227 ἥλιος
894 1133 952 1200 καὶ
973 1127 1071 1200 παύει
1092 1132 1150 1199 καὶ
1172 1136 1292 1212 συνεξ-

285 1232 382 1329 ορμᾷ
409 1230 454 1305 roi
479 1230 665 1320 πνεύματα.
708 1231 824 1324 Pergit
852 1233 935 1302 cuim
958 1232 1292 1328 Theophrastus:

287 1339 431 1408 elidetur
453 1338 512 1407 sol
522 1336 635 1406 oriens
652 1347 688 1405 et
694 1360 892 1427 provocare
914 1348 949 1404 et
958 1361 1091 1428 ponere
1105 1338 1288 1414 oentos¹¹).

283 1441 403 1511 Didert
423 1457 528 1511 autem
549 1466 588 1510 ea
607 1442 643 1512 ia
663 1468 698 1510 rs
720 1439 938 1535 Theophrasti
959 1441 1078 1510 theoria
1099 1433 1139 1508 ab
1161 1440 1287 1510 Aristo·

285 1546 395 1632 telica,
418 1548 502 1641 quod
523 1541 551 1616 is
574 1563 700 1616 ventum
723 1545 805 1614 a'e'ris
828 1561 932 1630 motu,
962 1569 1028 1615 uon
1055 1544 1180 1640 vaporis
1200 1543 1291 1612 illius

286 1652 361 1722 sicci
382 1677 402 1723 a
424 1669 527 1722 terrae
554 1651 716 1748 superficie
743 1649 786 1719 ad
815 1657 920 1718 adrem
951 1650 1067 1718 sublati
1095 1649 1188 1720 nasci
1214 1673 1291 1720 cou-
1352 1671 1356 1680 ·

285 1759 399 1845 tendit,
430 1759 542 1828 deinde
566 1758 652 1851 quod
675 1755 784 1826 Solem
806 1755 1006 1848 potissimum
1028 1771 1192 1824 ventorum
1216 1777 1289 1822 auc-

285 1877 386 1931 torem
409 1878 440 1930 ct
462 1863 638 1928 effectorem
660 1859 758 1944 dicat,
786 1859 836 1926 cui
858 1859 1037 1928 dubitanter
1058 1858 1185 1928 Lunam
1208 1857 1288 1926 adii-

285 1966 397 2054 cit¹²).
447 1962 502 2030 Es
537 1963 682 2032 omnibus
724 1978 828 2034 autem
856 1979 959 2057 patet,
992 1963 1099 2058 ipsum
1129 1963 1190 2032 sibi
1224 1987 1290 2032 non

301 2227 332 2315 9)
357 2251 399 2300 oe
416 2244 514 2301 venta.
532 2246 557 2313 5.
570 2248 612 2300 15.
630 2258 693 2316 sqq.
716 2244 815 2316 πτόα.

286 2354 333 2422 ro)
358 2351 592 2432 mutaremus.
610 2347 758 2440 potat.

287 2459 334 2525 11)
357 2439 433 2513 ’Ati'
450 2452 467 2511 o‘
483 2450 559 2526 iiiios
575 2454 651 2510 dorsi
667 2462 712 2510 καὶ
730 2457 815 2510 κινεῖν
832 2449 987 2510 &vertitur
1005 2460 1051 2508 uui
1071 2457 1239 2512 καταπαύειν
1254 2453 1291 2510 eoi

356 2546 504 2613 πνεύματα.
541 2541 592 2598 Διο“
621 2549 666 2596 καὶ
692 2537 868 2606 ἕπαοξοὶνεται
893 2547 938 2594 καὶ
960 2545 1057 2598 πίπτει
1074 2539 1213 2596 πολλοῖκνσ.
1250 2535 1290 2594 oi

354 2627 478 2687 καθόλου
502 2628 531 2684 δέ
553 2623 625 2684 ταῦτ’
639 2624 756 2698 ἀληθές,
774 2623 892 2700 ὅλλ”ἰφ’
909 2621 947 2682 ὧν
963 2647 993 2700 γε
1008 2615 1164 2700 ουμβαίνει,
1190 2623 1290 2696 ταύτην

303 2755 306 2764 ·
353 2717 519 2790 ὑποληπτέον
534 2716 583 2790 τὴν
600 2714 702 2772 αἰτίαν.

287 2828 331 2900 12)
353 2831 439 2898 Ποιοῖ
460 2825 489 2882 δὲ
513 2833 559 2880 rai
581 2821 716 2899 ἦοελήνη
732 2816 830 2888 ταῦτα’,
855 2816 925 2888 πλὴν
943 2816 989 2890 orig
1005 2816 1111 2889 ὁμοίως.
1147 2816 1214 2874 Οἶον
1232 2814 1287 2890 yda

355 3001 431 3058 loris.
443 2999 489 3054 sui
506 3008 606 3055 ventus
624 3013 780 3068 provocare
796 2996 881 3050 refert
899 2994 1189 3066 Theophrastus.
1217 2995 1291 3050 Cum

355 3084 442 3158 igitur
459 3083 543 3148 dicut,
561 3087 671 3138 Lunum
689 3085 788 3140 eadem
802 3083 911 3138 ratione
931 3097 1020 3153 agere,
1041 3098 1100 3153 qua
1116 3083 1222 3150 Solem,
1242 3097 1291 3135 cu-

355 3173 447 3226 lorem
464 3172 550 3225 lunae
567 3169 655 3226 radiis
672 3169 778 3238 tribuit,
804 3170 835 3225 id
853 3167 929 3242 quod
946 3166 981 3219 ad
999 3177 1097 3223 nostra
1114 3167 1174 3222 fere
1191 3183 1289 3224 meau-

357 3262 386 3313 la
403 3257 579 3312 factumest.
616 3257 805 3314 Cartesius
823 3258 902 3312 euim
919 3256 1048 3326 (Meteor.
1063 3257 1150 3312 o.lV.
1166 3259 1243 3322 §.ib
1258 3270 1289 3322 p.

359 3345 423 3415 180)
448 3345 483 3400 de
505 3347 590 3399 luuae
607 3345 639 3401 vi
657 3347 727 3402 haec
752 3344 852 3405 habeta
879 3351 1028 3398 Praeterea
1052 3338 1290 3398 considerandam

357 3435 509 3492 esttamen
528 3435 620 3501 tunae,
640 3437 714 3506 quad
732 3433 888 3488 admodum
905 3433 1053 3504 inaequale
1071 3440 1118 3496 est,
1134 3437 1221 3500 prout
1239 3445 1293 3482 ao-

357 3524 429 3580 eedit
447 3525 486 3576 ad
501 3523 587 3576 solem
606 3533 655 3576 aar
679 3521 716 3578 ab
735 3521 831 3578 eodem
849 3519 965 3589 recedit,
984 3517 1182 3576 'dilatationem
1200 3533 1291 3585 υαρο-

356 3631 420 3666 rum
439 3613 551 3677 iuvare3
574 3612 727 3684 iterumque
742 3612 837 3667 lumen
854 3611 976 3666 aliorum
989 3609 1120 3662 siderum.
1155 3602 1291 3659 δειλίαν-

357 3712 418 3754 tum
441 3698 546 3754 eudem·
560 3702 750 3768 proportione,
777 3716 833 3770 qua
850 3698 881 3752 in
899 3700 994 3752 oculos
1011 3705 1122 3752 nostros
1140 3693 1191 3748 itta
1207 3707 1291 3762 ogere

254 3842 257 3848 ,
356 3790 509 3850 sentimas,-
536 3787 611 3839 oculi
634 3789 708 3840 enim
727 3787 767 3842 ad
786 3785 1013 3859 cognoscendam
1033 3785 1147 3838 laminis
1169 3783 1228 3836 vim
1245 3780 1292 3830 ia-

356 3878 431 3930 dices
449 3874 574 3927 omnium
592 3875 739 3928 certissimi
757 3885 830 3928 sant.
866 3877 903 3926 Et
919 3874 979 3927 ideo
999 3875 1086 3926 etiam
1103 3870 1199 3924 stellae
1213 3883 1292 3924 com-

356 3969 478 4033 paratae
495 3959 537 4014 ad
554 3960 654 4013 lunam
671 3965 724 4016 oisc
744 3964 775 4016 in
792 3963 929 4016 rationem
948 3961 996 4014 hic
1013 3961 1108 4014 vercae
1129 3957 1238 4022 dehent,
1261 3964 1293 4006 at

358 4065 445 4118 neque
470 4047 539 4101 luna
563 4059 731 4118 comparata
753 4050 794 4108 ad
810 4051 906 4106 solem.
948 4045 1091 4121 Loquitur
1113 4043 1200 4099 etiam
1222 4043 1294 4097 Va-
