2824 4746
461 337 525 404 De
550 337 790 407 lzolonibus.
1075 349 1139 414 195

121 535 176 592 sne
197 510 320 590 κύκλος
343 511 423 592 ὅλος
445 518 503 582 καὶ
526 518 656 604 γίνεται
679 519 755 610 περὶ
777 514 876 612 ἥλιον
901 523 961 587 καὶ
986 519 1135 621 σελήνην

121 619 182 686 καὶ
202 613 247 686 roi
268 612 409 712 iopnpoi
430 617 501 688 noir
515 617 671 713 ἄςρων)ι
695 617 842 688 omnihus
867 620 929 694 diei
950 621 1038 692 horis
1061 651 1135 696 eum

120 743 294 814 apparere,
330 720 392 788 nisi
422 723 523 790 rarius
552 722 634 792 circe
664 721 741 790 solis
773 738 876 792 ortum
907 741 941 794 et
974 752 1132 818 occasum,

119 842 194 894 tnnc
225 842 330 894 nutem
371 825 510 895 maxima
553 853 625 896 eum
657 827 814 896 diametro
848 829 1005 918 gaudere:
1049 837 1135 926 qnod

117 945 288 1025 postquem
310 930 432 998 monuit
446 930 714 1014 Aristoteles,
738 931 879 1026 pergit²)
900 932 1034 1004 helones
1055 935 1132 1024 fini,
1239 1021 1242 1028 Ι

117 1029 182 1104 ide
209 1031 308 1123 ἀτμὶς
328 1030 459 1122 incide
480 1040 538 1106 καὶ
558 1032 774 1134 μικρομερής
795 1041 1006 1136 συνιςαμένη
1036 1037 1133 1136 τύχῃ.

115 1138 169 1208 De
192 1138 362 1208 halonibns
375 1138 464 1208 haec
488 1139 635 1243 leguntur
656 1140 743 1235 apud
765 1139 959 1210 Senecam
975 1144 1020 1224 ⁸)=
1046 1144 1132 1214 Cum

116 1243 163 1324 in,
169 1244 340 1333 piscinam
363 1244 454 1334 lapis
476 1245 601 1312 missus
625 1254 686 1329 est,
711 1243 860 1312 uidemus
883 1246 918 1314 in
940 1249 1065 1318 multos
1081 1274 1131 1318 or-

117 1347 177 1415 bes
193 1371 319 1440 equom
334 1348 510 1417 discedere
532 1361 566 1418 et
574 1351 662 1443 fieri
674 1349 827 1438 primum
848 1352 1132 1440 angustisst'mum

114 1453 238 1538 orbem,
263 1453 383 1521 deinde
406 1452 564 1523 letiorem
586 1479 629 1522 oe
645 1453 767 1522 deinde
782 1455 872 1522 alios
888 1457 1045 1542 maiores,
1069 1458 1129 1527 do·

114 1578 178 1625 nec
204 1568 391 1626 evanescat
416 1557 564 1648 impetus
595 1570 630 1626 et
652 1560 690 1626 in
707 1558 889 1646 planitiem
911 1558 1129 1629 immoturum

114 1685 280 1755 aquenum
313 1662 492 1729 soleatura
539 1663 623 1728 Tale
649 1660 812 1751 quiddam
842 1662 1029 1752 cogitemus
1043 1664 1133 1754 fieri

113 1767 220 1835 etiam
242 1765 278 1834 in
300 1772 387 1848 atie,
411 1787 488 1832 eum
510 1765 656 1854 spissior
671 1764 799 1855 suctus
826 1765 971 1854 plagam
999 1767 1129 1835 sentire

105 1881 238 1961 potest.
284 1869 365 1936 Lae
396 1868 481 1937 solis
511 1879 573 1954 out
595 1870 698 1937 lunae
722 1869 777 1935 oel
798 1867 983 1936 cuiuslibet
1004 1869 1126 1938 sideris

109 1975 307 2056 cncurrens,
335 1973 497 2040 recedere
524 1974 683 2040 illumin
711 1971 854 2040 reiculos
884 1975 984 2064 cogit.
1035 1975 1127 2046 Nom

108 2081 234 2148 humor
256 2087 291 2145 et
314 2082 376 2145 aer
399 2087 434 2143 et
456 2100 564 2161 omne,
586 2078 681 2168 quod
699 2101 746 2144 ex
767 2077 839 2178 ictu
849 2077 1013 2168 sormam
1035 2083 1126 2147 occi-

106 2185 177 2274 pit,
206 2181 242 2250 in
268 2183 372 2249 talem
398 2180 554 2270 lechitum
582 2181 782 2272 impellitur,
813 2181 925 2273 quoles
953 2193 1009 2250 est
1042 2183 1126 2268 eius,
1159 2223 1164 2229 -

110 2289 172 2382 qui
196 2286 351 2378 impellit.
401 2287 513 2356 Omne
538 2297 655 2357 nutem
691 2289 803 2356 lumen
819 2307 820 2310 ’
834 2286 1017 2364 rotundum
1050 2299 1123 2372 este
1180 2295 1184 2304 '

111 2417 192 2485 ergo
215 2408 251 2462 et
273 2398 338 2460 oi‘r
358 2390 394 2457 in
415 2389 505 2458 hune
526 2392 860 2480 modumpercussus
877 2390 1001 2458 lumine
1016 2392 1127 2460 exibit

112 2497 296 2578 [rotundum.
330 2495 387 2564 Olt
402 2494 468 2562 hoc
482 2495 570 2564 tales
586 2495 787 2583 splendores
803 2495 1047 2564 GmeciAreos
1066 2520 1123 2564 oo·
1143 2477 1146 2499 ⁸

111 2625 244 2684 cauere,
257 2601 340 2695 quio
341 2597 423 2692 sere
433 2599 582 2666 terendis
585 2597 750 2689 frugibus
757 2603 838 2666 loeo
848 2600 1027 2668 destinato
1038 2612 1122 2668 sunt

109 2705 270 2778 rotundo.
292 2705 366 2775 Nos
377 2713 570 2772 autemnon
581 2700 917 2776 eentcmomusiseas
929 2704 1118 2786 siccatione,

109 2813 180 2880 sue
208 2834 352 2878 coronae
379 2809 467 2892 sint,
495 2807 531 2875 in
562 2805 683 2872 vicinio
705 2805 851 2872 siderum
865 2807 961 2898 fieri.
1005 2809 1120 2880 Plari-

108 2942 200 2984 mum
227 2915 316 2983 enim
338 2901 478 2998 absunt,
501 2909 654 3003 quamuis
679 2909 813 3001 cingere
836 2919 936 2977 caet
960 2933 1123 2980 coronare

79 3053 82 3062 ·
110 3021 299 3092 uideantur.
344 3019 424 3090 Non
444 3017 542 3108 longe
557 3045 579 3084 a
594 3025 688 3084 terro
696 3019 740 3109 fit
756 3016 837 3083 talis
854 3013 1001 3108 effigies.-
1022 3039 1122 3109 quam

110 3125 200 3195 uisus
224 3139 343 3193 noster
359 3122 466 3192 solito
487 3120 722 3214 imbecillitate
745 3121 922 3211 deceptus,
954 3120 1044 3190 circo
1061 3123 1119 3212 ip-

107 3239 315 3254 ..ρ-ι--Ι

179 3311 218 3349 ex
235 3291 408 3365 paraphrasi
425 3285 550 3346 Procli
565 3289 601 3354 11,
622 3283 665 3344 tlt.
683 3306 714 3359 p.
729 3285 796 3345 1116:
815 3285 845 3342 oi
860 3281 1120 3358 correspondens

178 3381 244 3451 περί
260 3400 290 3438 τε
307 3374 367 3433 eois
384 3375 574 3445 πλανωμένους
587 3370 685 3446 cisione
698 3383 744 3428 καὶ
756 3371 817 3430 soie
829 3373 885 3427 etv
898 3367 1029 3428 dniuuoiu
1047 3371 1118 3442 λαμ-

73 3455 75 3462 ’
175 3461 266 3536 noois.
301 3463 413 3538 Primus
432 3461 590 3532 recentiore
608 3469 707 3526 aetate,
734 3469 873 3535 quantum
892 3461 1027 3534 equidem
1046 3460 1115 3526 scio,

175 3551 385 3607 Alexander
412 3547 454 3603 ab
481 3545 680 3602 Humboldt
709 3547 741 3600 in
773 3546 903 3600 Amerina
935 3543 1116 3600 meridionali

176 3655 292 3708 corones
319 3639 392 3695 circe
410 3641 554 3694 Venerem
573 3633 702 3707 aliasque
719 3631 840 3687 maiores
863 3633 959 3690 stellas
983 3629 1117 3687 observe-

175 3727 227 3784 vit.
256 3725 313 3782 Cir.
331 3745 360 3783 v·
372 3725 467 3780 Zach
484 3723 607 3778 Monotl.
621 3719 856 3794 Comespondrnz.
867 3721 888 3774 1.
908 3715 1007 3806 ΗΜΘ.
1023 3718 1116 3774 Gilb·

175 3813 283 3870 Annol.
293 3813 343 3867 v1.
362 3830 392 3885 p.
403 3819 463 3875 190.

125 3927 154 3994 2)
179 3919 358 3992 Meteorolog·
370 3920 418 3984 111,
436 3927 469 3978 3¹¹
481 3935 512 3990 p.
525 3921 586 3984 372,
607 3914 635 3972 b.

124 4032 153 4096 3)
179 4034 291 4096 Onerat.
310 4035 370 4084 not.
379 4027 401 4094 1,
419 4031 445 4082 2.
