2824 4746
460 337 781 410 mutationibus.
962 391 966 409 .
1059 349 1123 420 263

101 515 164 584 dis
187 515 279 596 aliis,
304 513 546 605 liquidissimus
571 513 697 603 defluit,
716 515 890 603 placidior
912 543 1016 610 quam
1038 548 1114 593 cae-

102 619 186 702 teri,
206 618 393 710 potatique
411 617 671 707 pulcherrimus.
715 619 803 687 Alit
834 622 958 698 locta
975 619 1115 714 pnbu.

103 725 222 802 ΙΝ).
265 722 343 790 Inde
366 721 430 790 iam
451 722 634 805 concludas,
665 748 730 794 non
758 739 845 794 unta
872 725 968 796 fuisse
996 728 1116 823 frigora
1222 782 1224 790 ,

1 885 2 898 ,
101 831 141 897 in
165 827 349 920 regionibus
371 825 453 894 circa
464 824 608 896 Pontum
624 826 792 913 Euxinum,
816 830 969 925 imprimis
992 833 1025 902 in
1041 861 1112 932 sep.

100 930 291 1006 tentrionali
312 930 416 1000 littore
433 930 512 998 sitis.
558 930 838 1005 &infundebantur
852 951 955 1006 autem
969 936 1029 1008 hae
1048 957 1115 1009 vter-

99 1063 161 1105 rae
176 1063 246 1105 cum
260 1034 336 1128 polo
351 1033 562 1129 propioribus,
584 1061 654 1104 cum
669 1061 778 1120 omnes
794 1041 952 1108 communi
967 1043 1114 1135 Scythiae

99 1139 265 1210 vocabufo
303 1137 651 1232 comprehenderentur.
704 1141 845 1231 Quando
881 1144 975 1238 igitur
1007 1147 1113 1217 Aua-

1 1329 2 1332 *
103 1245 265 1314 charsis
294 1243 380 1336 opud
409 1241 727 1325 Plutarchum⁷⁶)
759 1247 868 1333 refert,
895 1249 999 1318 nullas
1024 1277 1114 1347 repe-

1 1365 2 1394 *
102 1350 163 1418 n'ri
184 1348 267 1418 vites
291 1347 377 1441 apud
401 1345 544 1439 Scythas,
569 1347 603 1418 id
625 1373 691 1416 non
712 1350 752 1420 dc
775 1349 880 1422 littore
896 1351 996 1423 Ponti
1011 1356 1112 1428 Euxi-

102 1453 157 1538 ni,
187 1453 244 1522 sed
266 1451 305 1520 de
327 1450 483 1520 interioris
505 1450 644 1522 Russiac
666 1454 772 1546 plagis
795 1455 1031 1548 intelligendum
1054 1480 1112 1547 cst,

103 1583 186 1655 quas
215 1557 312 1626 etiam
340 1555 568 1650 proculdubio
599 1558 786 1649 significavit
807 1558 1039 1630 Herodotus
1055 1567 1110 1650 ²⁷),

99 1692 174 1736 curn
196 1653 298 1731 dicat:
339 1658 459 1728 Omnis
481 1661 687 1760 Scytharum
708 1665 796 1753 regio
821 1663 907 1732 adca
931 1665 1117 1757 iryestotur

99 1769 247 1836 hiberna
281 1764 445 1846 saevitia,
482 1775 519 1830 ut
545 1775 620 1832 octo
655 1768 825 1834 ortensibus
859 1768 938 1857 gelu
967 1770 1118 1840 tolerari

92 1881 259 1964 nequeat.
309 1868 430 1937 Sicubi
460 1883 587 1959 aquam
615 1869 795 1961 infundas,
826 1895 894 1938 non
917 1871 1038 1960 facias
1065 1876 1115 1944 ibi

103 1980 232 2056 lutum,
257 1974 378 2066 socies
404 1981 529 2056 autom,
552 1971 586 2038 si
604 1973 714 2062 ignem
729 1975 940 2041 accenderis.
982 1977 1112 2052 lbt'ticm

101 2104 241 2176 qnoque
266 2103 356 2145 mare
376 2077 561 2168 glaciatur,
597 2087 631 2143 ct
655 2081 764 2146 omnis
791 2079 992 2148 Cimmerius
1019 2083 1109 2154 Bos·
1199 2137 1202 2150 .

97 2209 230 2277 porus,
262 2205 485 2273 superquam
505 2182 651 2288 glaciem
679 2183 829 2276 Scythae
856 2187 1023 2257 exercitus
1052 2191 1111 2259 du-

102 2300 196 2372 cunt,
227 2298 262 2356 ct
277 2288 439 2377 plaustra
463 2299 568 2378 agunt
592 2299 686 2356 trans
711 2313 938 2381 marcusque
967 2291 1018 2356 ad
1034 2295 1109 2361 Sin-

104 2398 180 2464 dos.
224 2393 284 2462 Ita
314 2391 367 2462 vis
390 2390 533 2458 biberna
556 2402 631 2459 octo
653 2394 826 2472 ‚mensibus
844 2403 1001 2481 perstat:
1027 2411 1110 2488 qua-

102 2512 185 2569 tuor
207 2495 632 2586 tamcnscb'quis'srigora
647 2520 715 2564 uon
738 2497 902 2586 deficiunt.
937 2497 997 2566 Ibi
1008 2502 1111 2569 etiam

103 2605 227 2688 oliam,
261 2626 366 2695 quam
394 2600 430 2666 in
461 2598 609 2670 cacteris
638 2600 848 2690 regionibus,
885 2601 1109 2674 conditionem

103 2709 209 2777 babet
244 2707 367 2775 biems:
403 2731 485 2774 nam
514 2729 591 2773 cum
619 2714 752 2793 tempus
770 2705 917 2794 pluendi
935 2718 1004 2790 est,
1027 2711 1113 2776 nibil
1174 2719 1178 2725 '

101 2815 164 2897 ibi,
200 2811 293 2906 quod
323 2810 370 2878 sit
404 2799 504 2880 ullius
532 2809 696 2877 momenti
716 2810 825 2898 pluit:
864 2820 1001 2879 aestate
1030 2835 1107 2879 ocra

98 2917 222 3010 pluvia
246 2940 319 2996 ,uon
348 2930 474 2984 cessat.
525 2914 617 3002 Quin
640 2913 744 2980 ctiam
767 2913 920 2980 tonitrua
944 2913 995 2996 ibi
1013 2917 1108 3002 nulla

48 3095 50 3102 ,
104 3023 276 3103 existunt,
305 3035 426 3096 ,aestas
458 3017 578 3086 nubila
607 3027 679 3084 est:
715 3017 823 3086 bieme
851 3017 886 3084 si
897 3019 996 3110 fiant
1024 3022 1106 3089 toni.

6 3123 9 3130 ’
104 3139 196 3212 trua,
215 3151 283 3218 pro
307 3135 440 3192 ostento
464 3123 679 3205 cotenon).
726 3121 825 3210 Quod
854 3123 978 3209 deinde,
1001 3126 1108 3218 paucis
1136 3136 1138 3141 '

103 3232 282 3315 interiectis,
311 3229 399 3296 addit
421 3229 460 3297 de
483 3227 598 3320 plumis
621 3226 685 3294 illic
706 3229 740 3293 in
762 3233 835 3295 abre
857 3227 1106 3297 circumvolanti-

102 3338 178 3422 bus,
208 3337 274 3406 iam
302 3335 454 3428 suoram)
473 3317 717 3430 &adscripsimus
763 3331 871 3400 Etiam
901 3332 1106 3400 Diodorus

846 4129 900 4204 ref
