2846 4734
371 299 411 406 et
436 339 925 429 lapidibusmeteorieis.
1107 343 1150 413 id

4 495 22 560 ⁷?
36 517 50 558 :t
147 516 272 582 mundo
297 515 464 600 oberrent,
485 515 640 606 ‘conspice'
658 513 889 612 nequeunti),
913 518 1044 608 lapides
1066 521 1153 606 etsist,

42 704 44 720 Ι
148 619 211 710 pai
227 619 350 686 deinde
370 621 502 688 incensi
520 622 612 688 etin
635 630 757 690 terram
780 621 918 712 delapsi
931 621 1153 713 exstinguam

4 743 6 760 ¹
150 733 215 791 tnr.
261 722 407 817 Corpora
433 727 551 820 itaque·
565 726 640 794 illos
669 725 791 820 lapides
805 751 808 758 ·
823 726 943 796 censuit
971 725 1006 796 in
1035 726 1154 794 munds

8 823 36 858 ⁵'
148 825 210 920 hnc
231 827 305 896 illoc
327 829 442 898 viribus
466 831 654 923 quibusdam
676 831 839 917 translata,
864 853 942 924 quae
965 829 1077 897 deinde
1099 855 1157 922 per

149 939 258 1001 strom
286 935 329 1001 ad
351 949 449 1002 terrae
472 936 667 1030 superficiem
690 936 922 1005 delaberenturz
945 965 947 974 ι
967 929 1059 1002 Nihil
1081 957 1156 1002 vero

148 1037 241 1122 dicit,
263 1035 345 1105 unde
368 1037 520 1130 splendor
540 1039 595 1109 ille
617 1039 790 1109 eiusmodi
812 1040 979 1133 globorum
1004 1038 1159 1129 originem

148 1141 356 1210 nanciscatur.
384 1141 544 1228 Fortasse,
567 1160 601 1212 ut
614 1144 856 1212 Aristoteles
879 1145 901 1212 l.
918 1144 941 1212 l.
965 1143 1019 1228 ait,
1035 1140 1075 1213 ἐκ
1090 1172 1158 1213 rra*

149 1249 345 1340 ρατρίψεως
372 1248 434 1316 iste
461 1239 587 1317 inc'ondi
612 1264 644 1317 et
665 1248 817 1342 liqnefieri
836 1247 872 1315 in
893 1254 967 1316 aire
990 1247 1159 1316 arbitratus

149 1365 206 1434 est,
235 1352 499 1443 quomadmodum
515 1356 553 1423 de
575 1353 724 1447 plumbea
743 1351 858 1443 glande
874 1350 1086 1420 Lucretius
1102 1352 1160 1436 Ἧι

242 1525 246 1535 ,
394 1496 436 1513 -
460 1499 503 1513 —
526 1501 568 1512 -
591 1499 634 1508 —-
653 1457 819 1546 plumbea
843 1479 917 1523 cero

198 1559 309 1627 Glens
332 1563 437 1629 etiam
461 1563 559 1652 longo
585 1585 685 1629 eursu
709 1558 1115 1656 volvenda'liquescist').

161 1671 190 1735 ’,
240 1661 387 1756 Denique
416 1665 454 1730 de
482 1665 682 1758 quaestione,
703 1663 794 1728 'unde
818 1661 1041 1752 strepitus'ille
1068 1662 1159 1752 origi-

151 1789 226 1832 nem
254 1766 359 1850 ducat,
393 1769 447 1858 qui
476 1767 579 1834 audiri
605 1765 703 1850 solet,
735 1762 861 1856 quando
884 1762 950 1829 eius
971 1759 1058 1831 modi
1079 1759 1162 1855 ignei

155 2013 203 2085 15)
226 2011 320 2067 Etiam
331 2017 482 2086 Laplace
494 2013 683 2086 (Expositdn
696 2023 764 2088 syst.
775 2011 814 2067 dn
823 2007 933 2072 monde.
947 2023 989 2084 pr.
1000 2007 1068 2066 edit.
1077 2011 1161 2091 from.

225 2102 259 2154 Π.
278 2103 392 2172 p.305.)
411 2100 561 2158 arbitratus
579 2093 629 2172 est',
648 2100 707 2156 fieri
725 2115 822 2172 posse,
841 2107 875 2152 ut
893 2099 974 2169 plura
993 2113 1111 2170 corpore
1130 2099 1163 2153 in

225 2187 351 2255 mundo,
376 2192 424 2246 ret
441 2189 516 2244 intra
533 2197 656 2259 systema
673 2197 802 2242 nostrum
819 2189 910 2242 solare
929 2188 1034 2239 lateant
1051 2185 1107 2255 ita,
1131 2195 1164 2240 nt

226 2274 318 2332 oculis
335 2275 463 2347 conspici
480 2291 541 2332 non
558 2277 676 2347 possint.
702 2274 809 2330 Docuit
826 2273 901 2328 enim
919 2289 1023 2344 corpus
1037 2272 1164 2338 eiusdem

226 2359 284 2416 iere
311 2379 377 2416 eum
400 2373 473 2416 terra
497 2372 593 2435 nostra
617 2363 777 2430 densitatis,
799 2360 873 2414 radii
896 2369 991 2414 autem
1016 2359 1164 2432 aequantis

228 2446 363 2503 ducentos
383 2459 410 2503 et
425 2449 635 2526 quinquaginta
654 2448 723 2506 solis
740 2447 847 2516 radios,
872 2437 986 2518 propt'er
1005 2446 1066 2502 vim
1084 2465 1166 2502 suam

158 2597 160 2602 ¹
227 2535 411 2602 attractionis,
430 2537 544 2590 nullum
565 2535 601 2588 ad
618 2553 671 2590 nos
687 2553 778 2610 usque
796 2535 907 2588 mittere
925 2549 1007 2605 posse
1023 2534 1096 2590 lueis
1119 2529 1166 2590 r‘a-

227 2621 317 2691 dinm,
336 2623 378 2677 ita
394 2633 427 2677 ut
439 2623 568 2678 maxima
580 2639 709 2698 quaeque
718 2621 820 2677 mnndi
829 2619 919 2675 nostri
930 2607 1111 2694 corporanos
1121 2624 1166 2676 la·
1248 2627 1253 2642 ‘

227 2719 301 2777 tere,
324 2727 384 2764 non
409 2711 476 2766 sine
498 2710 605 2766 iniuria
622 2711 708 2766 dicas.
744 2706 977 2768 Mathematicam
993 2709 1081 2764 huius
1099 2725 1167 2780 pro

228 2797 383 2869 positionis
404 2797 675 2854 demonstrationem
696 2796 819 2870 reperies
843 2795 892 2849 in:
918 2795 1053 2850 v.Zach
1069 2797 1167 2866 dilge-

229 2889 321 2938 met'ne
328 2885 549 2956 geographische
560 2885 769 2954 Ephemeriden.
779 2884 827 2936 lV.
845 2899 898 2953 p.
885 2891 914 2939 1.
929 2898 992 2956 tqq·
1026 2879 1080 2949 At,
1072 2879 1125 2949 ,ti
1136 2897 1166 2934 te

230 2969 384 3049 veretalia
402 2985 521 3040 corpora
538 2969 691 3024 existerent
708 2968 866 3036 inmundo,
885 2967 960 3022 nulli
971 2984 1100 3042 unquam
1110 2967 1168 3020 hu-

231 3072 317 3110 mano
336 3057 419 3110 oculo
437 3057 651 3142 conspicienda,
674 3055 763 3112 menti
780 3066 875 3111 tamen
893 3055 1100 3110 innotescerent
1116 3073 1168 3109 ne-

233 3159 309 3197 cesse
325 3142 408 3209 foret,
430 3154 544 3216 propter
562 3145 770 3211 attractionem,
790 3163 877 3219 quam
888 3145 919 3199 in
930 3143 1168 3217 reliquosplaae-
1259 3135 1262 3144 ’

234 3240 276 3285 tas
290 3240 460 3284 exercerent.
478 3234 595 3287 Necesse
608 3234 695 3288 etiam
711 3234 792 3300 soret,
811 3243 843 3288 ut
852 3231 909 3286 fixa
922 3225 1066 3286 interdum'
1077 3229 1169 3286 sidera

234 3318 416 3372 occultarent.
437 3319 500 3371 Non
519 3318 672 3393 tetigissem
690 3321 764 3376 hanc
782 3337 851 3388 rem,
869 3320 926 3374 nisi
943 3317 1081 3374 vidissem
1099 3320 1167 3386 plu-

224 3407 281 3461 ·res'
296 3422 359 3460 eam
378 3404 543 3476 opinionem
554 3405 696 3478 probasse,
716 3405 959 3479 quemadmodum
979 3398 1172 3456 d'Aubuis'-

235 3511 317 3560 son,
337 3509 412 3547 cum
435 3491 525 3545 dicat.-
549 3501 603 3548 ·La
626 3507 697 3550 terre
719 3491 818 3564 plecte
840 3491 914 3545 done
938 3488 1112 3544 ttmmensnt
1134 3489 1169 3543 de
1251 3507 1255 3514 ·

236 3580 361 3650 l'espace,
383 3597 422 3632 an
440 3581 535 3632 milien
553 3581 620 3637 d'un
631 3580 748 3636 nombre
765 3580 850 3650 infini
861 3577 900 3632 'de
916 3577 1012 3649 globos
1029 3579 1171 3632 inminens

238 3684 274 3718 on
297 3665 428 3735 obscure,
461 3665 615 3722 visiblss
640 3686 680 3722 ou
703 3664 917 3734 invisibles,
946 3662 1124 3735 dehenffonts
1146 3675 1172 3718 et

235 3752 379 3824 tehuuffts
397 3793 515 3812 .....
552 3757 663 3823 (Τιαίιέ
687 3754 723 3811 de
744 3751 884 3828 Giognos.
908 3748 965 3812 se'c.
989 3751 1058 3811 edit
1083 3756 1171 3818 Τοιιι.

237 3849 267 3896 Ι.
279 3840 394 3916 p-ltlto)

169 3949 219 4019 16)
242 3955 284 4004 De
300 3967 353 4004 rer
371 3959 431 4007 nat.
441 3951 490 4018 Vl,
512 3955 571 4012 178.
634 3991 638 3994 -

172 4064 186 4112 1
206 4058 218 4125 )
243 4055 338 4113 Gilb.
357 4059 462 4113 Annei.
473 4061 577 4116 xv111.
596 4075 624 4130 p.
635 4052 697 4120 2lt9.
716 4059 794 4112 XIX.
813 4053 913 4130 pssltlt.
