2824 4746
410 339 574 408 caloris
597 341 641 407 in
663 349 776 408 aire.
1032 348 1094 412 215

11 601 16 618 ι
84 515 297 598 Seneca⁸).
338 513 440 590 Putat
460 515 544 584 enim
558 513 695 584 mediam
708 515 948 608 atmospbaerae
971 531 1094 609 partem

83 642 160 688 osse
203 619 475 712 temperatiorem,
513 619 542 688 si
575 618 706 688 summis
738 619 870 714 imisque
904 619 1090 706 conferatur,

84 737 243 816 quautam
272 722 314 790 ad
341 721 508 824 siceitatem
530 724 771 816 tenuitatemque
792 723 962 818 pertineat,
991 740 1091 794 caete·

81 853 156 896 rum
187 842 319 919 utraque
345 843 436 920 panto
460 851 530 898 esse
552 827 757 921 frigidiorem.
800 828 985 920 Superiores
1008 828 1091 896 euim

81 932 151 1001 eius
188 947 296 1024 partes
325 929 461 1000 calorem
491 932 665 1002 vicinorum
695 931 832 1002 siderum
860 931 993 1016 sentire,
1027 930 1092 998 ima

82 1060 216 1129 quoque
237 1051 342 1127 tepere
365 1051 432 1104 tum
453 1052 582 1129 proptor
603 1053 755 1106 terrarum
778 1035 918 1120 halitum,
943 1035 995 1128 qui
1009 1034 1090 1102 mul·

10 1169 11 1172 ¹
79 1156 149 1210 tum
174 1164 283 1208 secum
304 1137 399 1208 calidi
421 1139 546 1226 afferat,
579 1135 692 1210 deiude
720 1140 794 1233 quia
821 1139 903 1210 radii
937 1139 1013 1208 solis
1040 1163 1089 1206 re·

80 1246 242 1338 plicantur
274 1259 305 1312 et
323 1251 496 1337 'quousque
524 1244 627 1314 redire
654 1243 778 1337 possint
808 1244 959 1338 replicato
987 1243 1090 1312 calore

82 1347 255 1442 benignius
288 1346 430 1428 lov'eaut;
469 1348 601 1441 denique
630 1347 687 1416 illo
710 1348 835 1442 spiritu,
865 1348 917 1442 qui
946 1349 1090 1423 omuibus

82 1453 276 1524 animalibus
299 1451 497 1546 arbustisque
519 1453 596 1521 satis
619 1453 739 1522 calidus
763 1455 804 1520 sit
825 1453 953 1534 inlusus,
976 1452 1087 1543 quibus

83 1557 193 1626 causis
216 1557 305 1648 ignes
328 1557 418 1624 addit
440 1572 506 1625 tum
528 1582 623 1624 manu
645 1558 762 1640 factos,
792 1573 856 1623 tum
880 1555 968 1622 terris
992 1580 1088 1646 oper-

81 1677 131 1728 tos
157 1687 223 1729 non
247 1659 362 1742 mnus,
385 1679 479 1750 quam
502 1659 534 1727 in
557 1660 741 1728 abscondito
764 1657 943 1751 flagrantes.

529 1872 558 1952 §.
582 1870 638 1940 53.

275 1991 341 2058 De
362 1990 454 2057 nice
476 1990 677 2057 montium
698 1989 893 2060 aeterua.

173 2127 272 2204 Xrolr
302 2129 464 2202 οὐδέποτε
492 2138 569 2206 ἔνια
598 2131 662 2228 ὅρη
685 2138 834 2208 λείπεται
857 2131 901 2200 ait
922 2130 1087 2196 Aristo-
1132 2165 1133 2170 1

83 2239 181 2307 telcs
198 2229 235 2321 ¹),
259 2236 345 2302 curius
369 2233 578 2328 plraeuomeni
600 2259 727 2305 causam
749 2262 814 2304 non
840 2233 970 2320 a'ddidit,
995 2259 1088 2328 quam

82 2361 192 2410 tamen
218 2340 337 2408 nnllam
357 2338 463 2430 valiam
489 2366 559 2408 esse
582 2357 682 2433 patet,
709 2364 807 2432 quam
834 2341 907 2432 quia
934 2340 1089 2407 montium
1149 2386 1153 2396 ,

83 2445 214 2515 illorum
235 2445 399 2514 cacumina
420 2459 582 2536 tantopere
605 2467 625 2510 a
647 2460 749 2511 terrae
771 2445 937 2535 superficie
960 2444 1088 2528 distant,

83 2567 117 2618 ut
149 2551 192 2619 ad
221 2549 311 2616 illam
340 2547 422 2615 airis
456 2547 618 2640 regionem
646 2545 854 2634 adscendent,
884 2547 918 2616 in
945 2573 1008 2641 qua
1036 2547 1089 2614 nix

7 2685 8 2688 ¹
83 2654 137 2722 ubi
152 2652 313 2735 deciderit,
333 2651 485 2744 liquelieri
498 2651 615 2743 nequit.
659 2649 736 2717 Eius
752 2651 838 2718 modi
852 2653 1009 2719 montibus
1026 2651 1089 2718 ad-

86 2759 299 2827 numerandus
329 2780 400 2823 esse
427 2753 621 2839 Caucasum,
650 2754 749 2846 Alpes
781 2753 979 2834 Helveticas‚
1007 2752 1088 2839 alios

88 2880 199 2932 notum
235 2878 295 2929 est.
347 2859 493 2928 Vertices
526 2857 662 2927 Caucasi
695 2858 796 2924 hieme
822 2857 989 2926 conscendi
1023 2880 1090 2924 non

88 2993 201 3060 posse,
235 2965 372 3034 affirmat
403 2963 607 3044 Strabo²);
646 2979 764 3030 aestate
799 2977 904 3029 tamen
937 2959 1089 3028 scandere

88 3070 224 3154 incolas,
251 3068 386 3164 pedibus
409 3060 602 3158 subligantes
626 3067 747 3135 calceos
776 3065 889 3134 aculeis
921 3067 1088 3134 instructos

90 3199 166 3270 eque
190 3189 314 3265 tergore
336 3173 427 3241 bovis
451 3173 545 3241 crudo
568 3155 740 3255 edusectos,
769 3170 854 3239 latos
885 3171 988 3239 instar
1010 3186 1089 3263 tym·
1149 3205 1151 3212 1

89 3303 264 3371 pauornm,
294 3292 329 3346 ut
355 3277 466 3344 melius
496 3301 555 3370 per
577 3275 665 3343 nives
688 3273 881 3368 glaciemque
904 3275 1090 3344 scandentes

89 3382 200 3452 lerant.
244 3379 369 3448 Deinde
384 3379 473 3446 addit
484 3383 528 3462 ⁸),
549 3379 583 3446 iu
605 3378 734 3446 traiectu
756 3380 909 3448 montium
930 3395 1013 3446 totos
1037 3399 1090 3445 co·

91 3486 215 3555 mitatus
230 3477 384 3552 interdum
400 3481 523 3550 nivibus
545 3483 703 3550 montanis
727 3482 899 3567 absorberi,
922 3482 949 3550 si
965 3481 1099 3574 quaudo.

165 3745 276 3812 Quaest.
293 3737 419 3796 natural.
428 3737 462 3802 ll,
483 3744 525 3792 10.

167 3845 426 3912 Problem.XXVl,
447 3850 489 3900 15.
510 3859 536 3914 p.
549 3841 610 3908 9l2,
631 3859 655 3894 a.
