2850 4730
493 291 768 364 Aristotelis:
1095 295 1137 370 57

33 509 39 548 ,ῃ
132 467 291 563 quantitas
319 471 455 553 oriatur,
486 495 583 564 quarn
605 467 647 538 oh
670 493 738 537 rem
760 483 792 537 et
816 451 1139 562 diversa'pluviarum

18 634 23 655 Δ
134 575 226 667 copia
255 589 287 642 et
316 590 481 644 ventorum
508 574 670 644 violentia.
713 573 865 643 Recurrit
887 589 989 642 antem
1017 575 1059 642 ad
1085 602 1138 644 ex·

30 717 35 759 i
132 675 312 772 plicandam
335 694 499 748 ventorum
522 679 676 771 originem
698 679 740 747 ad
755 676 991 770 antiperistasin
1012 681 1139 772 vaporis

29 867 32 876 y
133 781 206 850 sicci
227 797 259 850 et
280 779 409 866 humidi,
431 784 515 852 unde
539 806 649 851 omnes
672 797 784 851 ventos
805 780 942 848 humidis
965 779 1042 850 locis
1064 785 1139 852 oriri

134 902 240 956 censet
251 889 288 965 ⁵).
346 885 572 982 Antiperistasi
605 886 662 956 illa
704 884 860 979 explicare
898 901 1041 972 conatur,
1086 914 1146 966 eun

133 991 273 1060 omnium
299 1006 461 1060 ventorum
488 989 732 1086 frequentissimi
760 990 879 1083 spirent
905 989 1071 1086 aquilones
1108 1005 1140 1060 et

17 1159 26 1168 ,.
136 1095 251 1164 austri:
274 1095 397 1164 solvere
419 1111 517 1165 tentat
539 1095 763 1190 quaestionem,
784 1110 891 1164 utrum
913 1120 951 1162 ex
973 1093 1143 1189 superiori-

136 1199 196 1270 bus
217 1196 412 1290 regionibus,
436 1223 478 1269 an
500 1226 538 1286 ex
552 1200 698 1270 inferiore
714 1197 956 1290 atmosphaerae
971 1217 1061 1294 parte
1076 1200 1142 1294 spi·
1251 1279 1253 1284 ¹

134 1327 206 1373 rare
228 1299 381 1400 incipiant
413 1304 512 1374 renti:
539 1331 594 1374 cur
612 1303 756 1396 denique
771 1301 902 1370 violenti
923 1301 1041 1397 frigore
1069 1331 1141 1374 veu-

135 1408 160 1476 :i
186 1408 398 1504 tranquillitas
428 1408 557 1478 existere
591 1407 694 1476 soleat
704 1407 741 1486 ⁸).
786 1405 936 1499 Longum
962 1407 1044 1476 foret
1073 1410 1142 1478 eins

138 1529 323 1606 argumenta
348 1513 400 1582 hic
428 1537 624 1607 proponere:
666 1511 695 1578 si
726 1510 795 1602 quis
823 1510 902 1579 scire
931 1509 1020 1596 velit,
1046 1510 1074 1580 is
1103 1511 1141 1578 ll·

99 1665 101 1678 .
140 1619 233 1686 hrum
256 1618 322 1684 eius
342 1616 411 1706 ipse
433 1617 536 1681 adeat.
583 1615 748 1681 Summum
769 1637 843 1680 vero
872 1611 1010 1680 theoriae
1036 1629 1145 1681 vento·

139 1747 211 1790 rum
233 1716 454 1787 Aristotelicae
475 1716 637 1786 theorema
658 1713 740 1782 illud
762 1731 819 1799 est,
849 1715 1049 1786 directionem
1070 1743 1146 1786 veu-

140 1840 245 1892 torum
275 1821 317 1890 ab
347 1819 475 1890 incessu
502 1818 578 1888 solis
605 1819 753 1913 pendere.
799 1817 866 1908 Qui
892 1819 920 1888 si
948 1845 986 1888 ex
1014 1822 1161 1892 australi

140 1923 364 2019 hemisphaera
390 1941 532 2019 tempore
555 1922 746 2016 aequinoctii
767 1921 904 1992 vernalis
930 1925 971 1992 ad
1001 1923 1145 1994 boreales

142 2031 258 2126 plagas
287 2029 445 2122 procedit,
477 2025 573 2096 austri
596 2026 734 2121 spirant:
767 2024 823 2095 nbi
850 2027 884 2094 in
912 2029 1149 2121 septentrionali

85 2209 88 2216 ¹
144 2134 368 2229 hemisphaera
389 2147 543 2216 versatur,
566 2130 746 2224 aquilones:
779 2130 832 2199 ubi
862 2132 997 2200 exoritur
1008 2135 1053 2219 ⁷),
1082 2134 1147 2228 spi·
1253 2165 1257 2178 ¹

145 2240 287 2308 rantibus
311 2235 608 2333 septentrionalibus
623 2235 735 2337 ventis,
759 2263 796 2305 ex
817 2235 943 2328 regione
966 2237 1047 2307 caeli
1067 2238 1149 2308 inter

125 2369 131 2386 ’·
148 2345 302 2412 orientem
324 2357 354 2410 et
375 2339 484 2436 polum
505 2340 665 2408 borealem
688 2341 749 2408 sita
770 2354 882 2408 ventus
903 2343 1018 2434 spirat,
1040 2370 1079 2412 ex
1098 2369 1148 2412 re·

128 2448 238 2542 ‚gione
266 2461 391 2530 contra,
426 2445 534 2538 polum
564 2445 646 2512 inter
673 2459 704 2513 et
732 2443 941 2530 occidentem,
956 2448 1025 2538 ¹ubi
1054 2446 1150 2516 flante

145 2551 293 2644 aquilone
317 2549 360 2616 ad
381 2573 528 2617 occasum
550 2547 698 2642 vergit0).
741 2547 817 2616 Alia
831 2565 880 2618 est
900 2567 1063 2619 ventomm
1084 2551 1150 2620 the-

164 2719 195 2786 5)
212 2719 344 2770 Φαίνεται
368 2709 419 2785 peip
445 2717 492 2764 :tut
515 2709 564 2766 :civ
581 2708 598 2782 ἦ
615 2706 671 2768 :dv
692 2707 799 2790 rirdpurv
816 2715 916 2782 γένεσις
933 2711 963 2766 ἐν
980 2716 1037 2770 τοῖς
1054 2708 1152 2782 λιμνά-

217 2803 291 2864 ζουσι
312 2789 406 2855 τόοτοιτ
427 2797 474 2868 τῆς
497 2796 554 2870 γῆς.
597 2798 740 2854 Meteorol.
756 2799 784 2863 1,
807 2805 833 2854 3.
856 2815 886 2869 p.
902 2794 969 2865 3l0,
994 2796 1023 2854 b.
1059 2797 1154 2854 Probl.

220 2889 331 2951 xxm,
349 2887 394 2943 so.
554 2877 555 2887 ’
1039 2921 1043 2930 ·

166 2977 197 3045 6)
210 2967 300 3027 ‘'otu:
312 2969 346 3025 di
364 2967 499 3043 γίγνονται
517 2966 550 3024 οἱ
564 2972 688 3040 νηνεμίαν
706 2967 752 3024 duri
768 2966 807 3024 δύ’
824 2965 922 3026 αἰτίας·
942 2967 960 3040 ἢ
970 2966 1019 3044 γὰρ
1038 2968 1083 3025 dmi
1101 2969 1155 3043 pui-
1224 2975 1227 2978 ’

221 3077 267 3128 χοε
284 3054 515 3129 ἀποσβεννυμένην
532 3056 580 3126 τῆς
593 3051 806 3128 ἀναθυμιάσεων,
825 3054 881 3112 οἷον
895 3051 961 3114 ὅταν
974 3063 1088 3131 χένηται
1099 3061 1156 3112 :rul-

220 3165 268 3222 yos
280 3141 392 3220 ἰσχυρός,
409 3142 426 3214 ἢ
441 3149 711 3218 νοτυμοραινομένην
726 3141 780 3200 dud
798 3140 848 3200 τοῦ
857 3149 974 3218 πνίγους.
1011 3148 1155 3204 Met'eorol.

222 3232 547 3304 mmmmm.
1157 3291 1159 3296 .

130 3321 135 3326 '
181 3327 210 3394 τ)
230 3325 263 3376 ln
280 3319 393 3392 magnis
410 3318 528 3375 lacubus
546 3319 619 3375 cirea
631 3319 710 3375 Solis'
723 3329 817 3376 ortum
835 3319 940 3393 quovis
958 3321 1003 3378 die
1022 3321 1158 3378 Subsola-

223 3425 279 3464 nus
298 3405 542 3463 animadvertitur.
565 3406 601 3462 of.
620 3406 722 3463 Hube
739 3409 771 3462 in
788 3406 884 3477 Briese
898 3407 969 3462 iiber
987 3409 1031 3464 die
1048 3415 1158 3464 Natur-

228 3496 312 3550 lehre.
330 3495 570 3564 Tom.11.p.392.
588 3495 744 3550 Sommer
767 3494 903 3555 Gemdlcl:
921 3496 971 3556 der
988 3498 1160 3570 physisclrer:

229 3583 309 3638 που.
317 3583 368 3636 1v.
380 3599 410 3654 p.
420 3577 482 3641 ast.
492 3609 527 3620 -
544 3578 651 3636 Horrea
658 3587 696 3636 X.
711 3601 740 3654 p.
750 3585 811 3640 268.

176 3675 206 3740 8)
231 3667 315 3738 Quod
332 3668 449 3738 colligas
467 3685 505 3722 ex
528 3667 622 3721 Probi.
636 3672 751 3737 XXVI,
776 3676 811 3726 :a
834 3676 861 3724 et
885 3669 927 3737 16,
952 3678 980 3724 et
1004 3669 1159 3725 dilucidius

230 3763 350 3829 apparet
368 3770 405 3808 ex
422 3755 560 3828 Problem.
570 3758 678 3824 XXVI,
697 3757 741 3814 26.
759 3776 789 3830 p.
798 3754 860 3825 9212,
879 3756 908 3825 b,
926 3755 978 3813 nbi
989 3758 1092 3813 diserte
1105 3755 1160 3810 ait:

228 3838 246 3912 ἢ
267 3835 311 3897 ὅτι
323 3836 394 3896 καθ’
410 3835 443 3896 ὃν
459 3839 495 3896 ἂν
510 3835 529 3915 ᾖ
546 3837 562 3896 ὅ
579 3835 652 3910 ἥλιον
667 3839 753 3900 τόπον
770 3843 817 3901 τοῦ
839 3842 953 3914 κόσμου,
975 3843 1011 3900 ud
1034 3841 1162 3896 ἐντεῦθεν

229 3932 372 4000 πνεύματα
395 3932 479 3996 κυνεῖς
504 3926 547 3984 διὰ
569 3925 654 3996 καὶὴ
677 3928 733 3986 τοῖν
754 3927 915 4003 πνευμάτων
936 3933 1075 4000 περίτασις
1092 3923 1163 3982 :rard

231 4014 283 4088 τήν
301 4011 439 4085 roiville:
457 4011 542 4088 φορὰν
558 4017 673 4090 γίνεται.
