2850 4730
300 310 632 384 obseruationes
655 328 696 386 et
717 317 945 408 opiniones.
1088 331 1130 396 85

125 491 283 576 plataeis,
314 491 467 560 Boeotiae
490 493 626 586 oppido,
649 494 733 586 qpod
756 494 926 565 Cithaeron
952 499 992 566 ab
1015 517 1122 584 austro

125 596 292 666 defendere
321 595 456 682 deberet,
479 597 683 668 creberrimus
706 596 804 692 spiret
827 615 940 685 auster,
962 604 1122 674 rarissime

125 703 242 797 aquilo,
264 723 378 772 versus
402 724 494 794 quem
515 718 584 770 tota
597 702 686 796 regio
701 703 734 774 iu
747 703 910 797 planitiem
933 705 973 772 sit
992 731 1118 798 porrec-

121 801 169 876 ta}
210 807 309 876 Cuius
335 805 544 899 phaenomeui
572 833 641 875 cum
668 805 789 876 nullam
813 806 1119 901 Theophrastus

121 937 160 978 cx
182 936 240 978 sua
262 925 423 979 ventomm
444 909 565 978 theoria
581 934 708 979 causam
722 936 897 1006 proponere
919 928 1038 1008 posset,
1060 938 1117 982 nos

119 1016 293 1083 secundum
315 1039 399 1099 eam,
432 1037 511 1107 quae
533 1011 754 1083 recentissimis
777 1015 902 1085 demum
923 1017 1116 1112 temporibus

117 1117 261 1196 invaluit,
294 1115 435 1212 proferre
457 1115 635 1211 possumus.¹
682 1116 813 1190 Calidus
836 1115 918 1188 enim
940 1120 976 1188 fit
998 1129 1053 1187 a'c'r
1083 1122 1115 1190 in

114 1221 234 1315 campis
262 1219 421 1292 Platacis:
451 1247 573 1292 sursum
595 1223 726 1308 tollitur,
757 1224 883 1317 eiusque
905 1221 1010 1294 locum
1033 1225 1113 1293 obti-

113 1343 169 1396 net
203 1314 354 1395 delahens
387 1327 524 1397 crassior
556 1345 586 1398 et
617 1328 760 1421 frigidior
788 1324 1019 1424 aCithaerone
1043 1335 1108 1412 adr,

112 1432 165 1523 qui
187 1457 257 1502 cum
280 1454 385 1502 versus
402 1449 542 1502 austrum
564 1433 604 1502 ab
625 1431 743 1526 oppido
765 1432 805 1500 sit
826 1434 957 1525 positus,
980 1433 1110 1504 austrini

112 1537 271 1628 prodeant
300 1535 392 1605 flatus
414 1563 542 1608 necesse
565 1552 630 1620 est,
657 1537 729 1628 qui,
755 1536 821 1602 uisi
841 1537 960 1627 ingenti
988 1537 1109 1631 impetu

109 1640 234 1706 irmant
257 1640 437 1730 aquilones,
451 1639 569 1706 locum
591 1641 785 1706 obtinebunt.
830 1641 924 1706 Talis
947 1640 1040 1707 etiam
1061 1656 1109 1708 est

108 1741 250 1838 Zephyri
271 1755 384 1810 natura
404 1739 438 1808 iu
460 1737 602 1810 Maliaco
625 1756 655 1808 et
676 1737 784 1808 Pierio
806 1740 938 1820 sinu‘¹).

195 1900 258 1968 His
280 1901 319 1968 de
335 1913 495 1968 ventomm
510 1897 748 1991 phaenomeuis,
772 1897 878 1991 quales
895 1914 1020 1968 veteres·
1036 1901 1105 1994 opi-

106 2007 220 2076 stiones
244 2004 425 2088 habuerint,
447 2002 614 2096 expositis,
649 2003 726 2072 duas
749 2003 875 2094 cognati
903 2003 1024 2094 generis
1053 2030 1103 2073 res

107 2109 263 2180 addimus.
307 2106 420 2176 Refert
455 2107 654 2201 Polybius
683 2107 767 2203 apud
791 2108 1101 2193 Strabonem‘'),

106 2230 214 2283 austro
237 2209 410 2307 spiratum,
438 2207 580 2306 Liparen
601 2209 737 2282 insulam
758 2211 929 2306 caliginosa
951 2211 1102 2281 nubecula

106 2319 223 2410 obtegi,
252 2336 285 2388 ut
313 2345 353 2388 ne
374 2307 481 2388 Sicilia
509 2315 634 2409 quidem
657 2317 775 2386 eminus
797 2333 955 2398 nemetum
987 2334 1021 2414 at
1029 2312 1100 2410 [suh

105 2423 264 2517 aquilonis
285 2420 410 2492 vflatum
447 2443 542 2514 puras
571 2444 588 2487 e
618 2435 735 2492 cratere
764 2422 907 2492 flamums
936 2423 970 2493 iu
1001 2421 1099 2494 ultum

105 2538 212 2598 a'c'rem
239 2527 352 2610 attolli,
368 2526 570 2618 maioresque
585 2521 726 2592 fremitus
750 2526 816 2594 edi:
843 2525 1006 2594 favonium
1032 2553 1098 2596 me*

104 2635 190 2702 dium
220 2631 379 2724 quoddam
400 2647 520 2714 tencre:
554 2645 709 2699 caeterum
731 2655 769 2697 ex
789 2631 966 2700 fremituum
989 2629 1098 2699 discri-

101 2737 196 2822 mine,
218 2735 368 2830 initioque
383 2731 586 2819 efflationum,
608 2733 804 2803 flammarum
818 2751 911 2828 atque
925 2735 1097 2826 fuliginum,
1131 2735 1136 2745 ’

99 2841 268 2937 praenosci
289 2843 394 2925 etiam,
419 2839 593 2930 quis'tertio
609 2853 683 2927 post
706 2837 755 2905 die
768 2841 814 2920 ⁵⁸)
836 2855 947 2906 ventus
971 2839 1011 2904 sit
1032 2839 1098 2932 spi*

99 2961 235 3018 raturus.
280 2942 377 3031 Quod
398 2956 464 3008 tum
485 2939 539 3008 alii
561 2938 655 3006 etiam
679 2955 816 3012 veterum
837 2939 1020 3034 scriptorum
1050 2941 1096 3010 af-

101 3247 150 3310 51)
173 3235 287 3304 Φθείρει
310 3234 356 3284 καὶ
379 3226 414 3284 ed
438 3228 468 3282 ἐν
491 3224 626 3297 Meleona}
648 3225 740 3299 κόλπῳ
761 3227 852 3286 πάντα
868 3239 912 3286 καὶ
934 3230 969 3286 sol
986 3230 1095 3289 dolrem

171 3329 217 3378 sel
239 3319 275 3374 col
297 3313 355 3372 eote
376 3311 507 3386 δένδρων,
530 3323 576 3372 sal
599 3315 635 3370 sol
652 3315 701 3386 τῆς
720 3318 863 3374 Θετταλίας
880 3315 1007 3387 sceptris
1025 3323 1094 3374 lnt-

172 3427 238 3480 ρων.
255 3405 418 3478 ἀμφοτέρων
435 3397 464 3453 dl
480 3397 535 3456 cois
552 3398 644 3458 es‘srom
659 3401 678 3472 ἦ
696 3400 764 3473 αὐτή
782 3403 869 3475 piore,
887 3411 932 3458 aot
949 3403 985 3457 rol
1002 3409 1094 3474 mpet-

171 3513 256 3562 χοντα
271 3489 363 3563 ὅμοια.
384 3491 489 3544 estrees
511 3490 561 3558 μὲν
578 3489 629 3562 yslp
648 3486 729 3560 ἄμφω
751 3490 822 3560 node
839 3486 981 3558 ἀνατολήν,
1004 3495 1094 3559 περιέ-

172 3601 268 3649 χονται
286 3576 310 3633 d'
327 3574 416 3649 ὄρεσιν
435 3573 560 3647 ὖψηλοῖπ,
584 3573 599 3630 ὁ
618 3577 670 3645 μέν
687 3577 756 3647 Ot'rp
772 3584 817 3632 eol
834 3581 889 3634 eoae
914 3580 1055 3645 συνεχέσιν,
1078 3571 1094 3630 o‘

169 3668 199 3724 dl
216 3665 256 3736 τῷ
272 3669 372 3736 Πιέρῳ.
408 3669 449 3719 De
466 3663 565 3720 venlt's.
581 3661 661 3733 §dm-
680 3667 781 3736 p·775.

101 3797 147 3864 52)
172 3793 222 3847 vt
242 3788 342 3862 pato.

102 3920 149 3986 53)
173 3913 229 3972 Cfr.
246 3913 315 3984 Cap.
335 3911 368 3966 11.
387 3912 448 3980 Μ.
466 3918 527 3971 not.
539 3917 582 3968 ta.
