2838 4730
409 296 452 352 et
479 284 859 356 Ornithiisrentu's.
929 267 931 274 ,
1070 297 1138 361 133

127 465 204 557 quia
232 490 301 534 cum
323 464 426 560 primo
449 481 557 559 tepore
580 461 762 534 hirundines
789 461 987 562 reliquasque
1017 471 1132 560 migra.

122 569 222 637 torias
245 595 319 638 aves
341 572 527 641 reducente·
548 566 612 652 alii,
636 568 710 661 quia
730 584 820 637 tanto
840 568 954 661 higore
976 573 1129 664 saeviant,

121 689 158 742 ut
184 673 327 742 volucres
355 675 468 744 mortni
498 699 537 741 ex
567 680 640 741 adre
668 671 831 757 decidant,
859 677 1129 766 quemadmodum
1191 743 1193 751 .

120 777 370 849 Scholiastes
393 776 688 872 Aristophanis
704 780 763 862 ²⁶),
794 801 927 871 quocum
948 781 987 849 de
1010 782 1128 876 [rigore

116 884 274 953 consentit
288 882 560 980 Hippocrates
576 884 630 960 ²⁸).
674 881 863 952 Dissensum
882 882 965 955 hunc
986 904 1127 958 veterum

115 989 306 1084 scriptorum
328 1013 517 1084 componere
540 1005 670 1058 conatus
694 1006 743 1058 est
762 989 786 1057 J
793 1012 823 1057 o.
846 1013 865 1056 a
887 987 1050 1062 Woner
1063 997 1125 1077 '²);

115 1110 149 1163 at
171 1119 240 1162 rem
260 1093 478 1186 multomagis
494 1109 584 1161 vasta
600 1115 657 1160 sna
673 1093 845 1162 eruditione
861 1092 1011 1166 confudit.
1055 1097 1125 1168 Res

114 1198 193 1266 mihi
215 1198 292 1268 haec
315 1223 386 1267 esse
408 1199 539 1268 videtur.
586 1196 724 1291 Zephyri
747 1199 829 1267 veris
851 1199 952 1294 tepidi
974 1225 1046 1272 esse
1062 1201 1124 1272 'so-

112 1303 188 1387 lent,
218 1326 284 1372 non
306 1319 412 1374 tamen
434 1327 572 1397 semper,
602 1329 672 1371 cum
693 1302 812 1394 frigora
839 1303 995 1373 interdum
1020 1303 1121 1376 ¹addu-

113 1425 196 1492 cant,
219 1409 318 1479 nubes
342 1407 490 1502 adigant:
524 1431 651 1502 semper
671 1404 851 1498 frigidiores
873 1424 953 1493 sunt,
984 1411 1038 1480 ubi
1062 1436 1116 1482 an·

109 1512 245 1598 tumnali
270 1530 410 1606 tempore
432 1529 484 1580 eut
505 1511 575 1606 ipsa
597 1526 717 1580 aestate
745 1511 878 1604 spirant.
923 1509 1014 1582 Nihil
1035 1518 1121 1585 enim

109 1617 237 1702 mirum,
258 1633 400 1700 ventum,
431 1617 484 1708 qni
505 1633 580 1708 post
600 1613 713 1682 hiemis
734 1613 854 1708 frigora
876 1617 1002 1709 tepidus
1026 1619 1118 1688 nohis

108 1719 245 1804 videtur,
267 1718 415 1812 frigidum
437 1718 538 1786 videri
559 1733 680 1788 aestate
703 1736 735 1788 et
756 1735 923 1788 auctumno
946 1737 1021 1813 post
1043 1723 1118 1791 cali-

110 1824 216 1892 diores
246 1823 314 1892 dies
337 1839 548 1915 antegressos.
596 1822 763 1892 Ornithiae
794 1839 867 1892 sunt
894 1848 929 1892 re
960 1851 1034 1894 vera
1055 1824 1118 1894 Fa-

112 1930 216 2011 vonii,
253 1944 286 1995 at
318 1926 617 2020 septentrionalibus
648 1943 850 1998 accensentur
883 1927 923 1996 ab
957 1927 1117 2000 Aristo·

108 2032 256 2118 telc²⁸)‚
280 2031 369 2124 quia,
398 2047 432 2099 nt
459 2032 528 2122 ipse
549 2031 668 2113 ait²⁰):
707 2035 800 2102 uenti
818 2033 863 2099 ab
893 2056 1021 2102 occasu
1049 2038 1117 2126 spi-

105 2147 222 2206 rantes
250 2159 319 2203 non
349 2137 423 2205 sine
444 2136 571 2204 iniuria
597 2138 921 2228 septentrionalibus
952 2140 1114 2210 adnume-

105 2253 246 2325 rantur,
280 2264 355 2309 cum
373 2241 580 2346 frigidiores
607 2245 688 2329 sint,
728 2259 759 2312 et
783 2241 961 2333 frigidiores
990 2244 1132 2338 quidem

105 2348 210 2417 ventis
234 2346 273 2414 ab
297 2346 415 2415 oriente
438 2337 640 2440 spirantibus,
663 2364 742 2416 teste
759 2344 1041 2439 Theophrasto
1055 2353 1114 2436 ³⁰).

104 2453 314 2548 Quapropter
335 2465 366 2521 et
381 2451 455 2545 quia
470 2452 562 2520 toties
578 2470 717 2521 recurrat
733 2449 900 2524 Ornithies
915 2470 1027 2522 ventos
1042 2479 1113 2524 esse

105 2560 229 2644 etesios,
252 2558 420 2652 scriptores
437 2573 539 2625 autem
553 2581 620 2625 non
633 2556 852 2649 intelligerent,
870 2561 939 2627 'non
962 2557 1001 2630 de
1025 2564 1112 2654 aqui-

104 2663 231 2734 lonibus
255 2663 370 2747 etesiis,
394 2661 450 2730 sed
473 2662 601 2731 omnino
624 2663 663 2732 de
678 2663 778 2732 ventis
799 2663 941 2756 longiore
963 2665 1112 2758 temporis

106 2771 214 2865 spatio
245 2766 437 2862 spirantibus
467 2767 534 2856 agi,
569 2792 589 2836 a
624 2769 850 2862 posterioribus
880 2769 993 2838 deinde
1027 2767 1111 2834 renti

108 2869 281 2941 Ornithiae
320 2869 579 2961 septentrionales
610 2894 677 2938 esse
715 2871 908 2942 dicebantur.
957 2869 1109 2940 llacsita·

104 3027 319 3046 ..an——

105 3124 155 3190 25)
177 3115 304 3174 Aetam.
320 3123 380 3180 877.
405 3115 479 3174 διότι
478 3115 611 3220 ”iniq
581 3143 629 3194 ην
649 3122 701 3197 γῆν
724 3125 759 3182 eoi
783 3123 864 3198 iprae
887 3123 1080 3202 repereram
1056 3124 1109 3182 vrri

175 3200 290 3274 eirvei
306 3203 526 3275 ψύχουεπνοῆσ.
558 3208 613 3263 cfr.
632 3213 729 3266 Fotis.
749 3211 785 3266 ad
805 3213 1015 3288 Hippocrat.
1038 3218 1107 3286 Opp.

176 3291 329 3350 seor.v11.
348 3293 451 3363 psas
485 3295 521 3347 D.
540 3293 669 3366 Ineptum
688 3297 942 3370 olympiodori
968 3304 1108 3371 etymolo-

175 3381 252 3456 giam
267 3395 345 3435 nuno
362 3396 423 3434 non
440 3395 580 3434 nummus.
614 3381 688 3450 (eor.
697 3379 741 3450 do,
757 3382 802 3453 b.)

105 3487 382 3563 26)Epidern2V11·
402 3490 595 3560 p-8717extr.

107 3598 164 3665 77)
126 3598 221 3657 7De
236 3594 423 3665 polymathie.
458 3591 581 3664 Lipsiae.
595 3590 672 3652 16d5·
691 3602 717 3652 8.
736 3609 762 3648 c.
776 3601 819 3652 11.
837 3610 866 3666 p.
879 3597 929 3654 107
948 3611 1010 3670 sqq.

107 3705 154 3772 28)
179 3698 234 3757 etr.
253 3699 321 3770 Cap.
335 3701 382 3755 111.
401 3704 427 3770 §.
441 3708 484 3758 11.
506 3707 565 3754 not.
578 3707 603 3756 1.

107 3809 155 3879 29)
178 3805 364 3872 terremotu,
384 3806 409 3863 6.
427 3801 531 3878 padi,
550 3822 581 3861 a:
605 3809 768 3876 προςίθεται
791 3805 828 3863 ed
850 3807 981 3879 ζεφυρικᾰ
998 3805 1038 3877 rei
1055 3815 1105 3880 ,te-
1190 3887 1195 3894 .

176 3899 232 3968 ρέᾳ,
249 3895 404 3966 ψυχρότερα
421 3890 482 3968 γάρ,
499 3891 547 3950 deci
566 3891 601 3948 ed
618 3889 674 3949 uinci
691 3892 747 3950 noir
764 3893 873 3968 δυσμῶν
888 3900 976 3954 neris.

110 4001 158 4071 3⁰)
181 4007 223 4056 De
241 4018 332 4057 censs.
348 3999 475 4073 plsntar.
484 4003 520 4069 11,
538 4008 565 4070 3,
589 4008 613 4058 1.
631 4017 660 4073 p·
671 4008 734 4065 391.
