2838 4730
291 319 354 392 tot
643 313 710 383 De
730 311 936 382 imbribus

288 515 320 570 et
343 494 592 592 Aparctian¹³),
630 489 747 585 qnippe
783 489 837 584 qui
866 488 1085 584 frigidissimis
1122 496 1296 584 grandines
1395 479 1397 548 }

285 601 440 674 advehere
468 597 665 693 Aparctiam‚
690 595 882 665 Thraseiam
904 612 934 664 et
961 596 1101 666 Gomon
1142 597 1296 670 calidissi-

282 733 353 778 mus
374 730 443 777 esse
463 704 610 789 Austros,
633 699 826 796 Zephyrum,
850 700 1054 804 Enrumqne;
1099 702 1227 772 omnino
1252 721 1297 776 ta-

284 837 358 882 men
387 827 501 881 veutos
535 809 576 877 ab
607 806 767 876 occidente
800 804 912 874 flantes
945 806 1123 899 frigidiores
1155 831 1223 877 esse
1255 811 1297 878 ah

285 919 405 986 oriente
436 913 648 1009 spirantibus,
682 927 776 1004 atque
806 907 923 978 idcirco
952 912 995 980 ad
1024 911 1171 982 boreales
1201 912 1296 984 flatus

285 1020 421 1114 legitime
449 1018 606 1113 pertinere
637 1030 744 1086 censet
767 1010 1088 1108 Theophrastus
1105 1020 1168 1100 ¹‘)=
1205 1021 1295 1090 nubi-

285 1124 350 1192 lum
373 1122 532 1204 Caeciam,
555 1121 629 1214 qnia
651 1145 722 1189 cum
745 1117 822 1187 llare
846 1119 980 1205 desinat,
995 1120 1119 1192 Africus
1143 1126 1244 1217 spiret
1266 1142 1298 1194 et

284 1227 345 1300 διᾰ
365 1224 407 1299 τό
427 1224 545 1305 κοινός
566 1224 655 1297 εἶναι
684 1224 817 1319 βορέου
839 1228 899 1294 καὶ
921 1225 1023 1320 εὔρου
1044 1225 1065 1294 i.
1081 1253 1109 1294 e.
1133 1229 1204 1321 quia
1228 1247 1297 1299 turn

285 1334 399 1402 boreas
423 1347 488 1400 turn
511 1329 677 1399 vulturnus
700 1327 794 1396 simul
817 1354 889 1396 cum
911 1354 948 1398 eo
970 1330 1046 1398 llare
1068 1332 1209 1402 soleant:
1239 1358 1292 1402 ra·
1399 1325 1400 1336 ¹

285 1437 350 1504 rius
381 1436 514 1530 denique
536 1433 636 1502 nubes
660 1433 773 1502 afferre
795 1432 948 1504 Africum.
993 1434 1147 1504 Similiter
1166 1464 1235 1506 rem
1256 1437 1292 1506 in
1399 1435 1400 1484 l

285 1541 379 1610 Italia
409 1567 444 1610 se
471 1538 587 1608 habere
609 1537 803 1623 videbimus,
833 1536 886 1606 uhi
909 1537 1103 1632 singulorum
1125 1559 1293 1612 ventorum

284 1645 453 1740 qualitates
476 1643 719 1714 recensebimus.
765 1642 849 1734 Quis
872 1668 955 1714 nnnc
976 1642 1101 1712 Romae
1121 1646 1292 1740 pluviosis·

282 1751 380 1820 simus
405 1748 447 1818 sit
468 1764 578 1819 ventus
600 1773 637 1817 ex
659 1751 868 1819 recentiorum
891 1749 1145 1820 observationum
1168 1753 1248 1822 serie
1270 1778 1291 1821 a

282 2090 330 2157 13)
354 2087 444 2144 Vetus
462 2097 521 2143 erut
538 2084 728 2160 proverbium
740 2087 816 2157 apud
836 2090 974 2145 Grsuoosz

421 2171 459 2228 Ei
476 2171 506 2228 δὲ
523 2171 602 2230 νότος
617 2176 715 2245 βορέην
732 2171 950 2245 προκαλέσσεται,
968 2171 1066 2230 αὐτίκα
1083 2177 1167 2246 νίψει.
1256 2223 1259 2232 ,

351 2264 448 2316 rtur.
466 2261 502 2320 de
520 2265 612 2335 primo
623 2258 751 2334 frigido.
769 2262 913 2318 Tormlv.
932 2279 961 2333 p.
972 2262 1032 2328 stt,
1053 2259 1104 2314 ubi
1121 2260 1215 2324 addin
1239 2263 1288 2320 vot

350 2349 404 2421 yu'p
423 2344 516 2415 νότου,
540 2344 669 2417 καθάπερ
688 2342 754 2417 ὕλην
771 2347 823 2420 τήν
839 2344 976 2420 ὖγρότητα
993 2346 1253 2420 παρασκευάσαντος,
1272 2347 1288 2406 ὅ

348 2432 455 2510 βόρειος
475 2433 526 2509 α’ἠρ
543 2433 689 2508 tortasse
707 2435 801 2505 ἔπηξε.
836 2436 1003 2494 Versiculos
1025 2455 1063 2492 ex
1086 2454 1205 2492 numero
1222 2439 1289 2494 illu-

351 2542 416 2578 rum
434 2542 495 2580 esse
513 2525 645 2592 videtur,
669 2523 721 2598 qni
743 2523 821 2595 apud
840 2527 961 2580 Graecos
978 2523 1115 2599 agricolas
1133 2525 1287 2580 memoria-

271 2664 273 2668 .
349 2613 392 2667 les
410 2610 592 2682 exstiterunt,
611 2611 706 2686 qualis
724 2611 810 2666 etiem
828 2622 871 2668 est
889 2611 953 2672 illst

418 2691 457 2752 Oli
473 2717 540 2752 ποτε
558 2694 711 2771 νυκτερινὸν
727 2703 825 2773 βορέας
841 2703 934 2773 τρίτον
950 2701 1026 2755 ἵκετο
1043 2703 1138 2773 φέγγος

274 2847 285 2870 ,
349 2798 378 2845 et
396 2803 483 2858 supra
500 2785 720 2841 laudatorius:

411 2870 521 2929 “Elatum
539 2869 582 2946 ἐφ’
599 2869 684 2929 αὐτόν
701 2866 792 2946 ὥσπερ
810 2875 917 2928 καικίας
935 2875 1024 2944 νέφος.

348 2951 392 3016 Ex
410 2959 583 3017 carminibus
606 2962 683 3015 enirn
706 2979 768 3015 non
785 2961 873 3033 petitu
890 2979 952 3018 esse
969 2961 1111 3017 videntur.
1148 2962 1205 3020 cfr.
1224 2983 1286 3020 om-

348 3047 418 3102 niuo
441 3049 520 3102 Zell
548 3046 792 3114 Ferier'rsclrrs'flen.
816 3051 924 3100 Samml
934 3051 954 3101 l.
973 3068 1002 3121 p.
1014 3047 1057 3106 sl.
1093 3050 1185 3104 Etiam
1211 3054 1286 3125 apud

337 3137 487 3188 'Romanos
510 3135 580 3187 tales
603 3129 789 3204 agricolarum
817 3131 953 3186 versiculi
979 3133 1128 3207 exstitere,
1162 3159 1286 3213 quorum

348 3241 440 3276 unum
457 3217 580 3302 pervasit
598 3219 720 3272 Festus
738 3235 760 3275 s.
775 3236 805 3274 v.
824 3217 982 3272 Flaminius
1001 3225 1144 3291 Camillus,
1164 3226 1213 3279 ubi
1231 3229 1285 3286 ait:

262 3367 266 3380 ¹
346 3315 426 3366 Sicut
447 3309 568 3364 habetur
590 3309 621 3360 in
645 3309 761 3378 antiquo
787 3309 927 3373 camnine,
954 3327 1041 3380 prtum
1063 3323 1144 3383 puter
1162 3309 1222 3369 filio
1248 3313 1284 3366 de

350 3399 526 3474 agricultura
540 3398 725 3470 praeciperet:
743 3394 898 3450 Hiberus
916 3399 1078 3468 puluere,
1099 3413 1206 3450 verno
1225 3389 1284 3452 lir-

347 3499 394 3551 to,
421 3485 584 3558 grundio
605 3482 717 3555 surra
737 3483 887 3539 camille
911 3495 1034 3549 metes,
1058 3483 1170 3555 dequo
1189 3487 1284 3542 versi-

346 3578 429 3640 culo,
458 3589 540 3644 quem
564 3575 596 3627 in
621 3571 694 3626 libro
721 3574 909 3626 uetustissimo
934 3571 1111 3636 carminum,
1146 3574 1194 3642 qui
1218 3585 1284 3627 unte
1337 3563 1342 3576 '

346 3662 453 3724 omniu,
473 3677 545 3728 quoe
562 3679 581 3712 a
600 3661 710 3716 Latinis
727 3663 832 3728 scriptu
851 3667 924 3725 sunt,
946 3660 1116 3726 compositus
1122 3657 1280 3728 ferebatur,

346 3743 468 3800 inveniri
485 3743 556 3798 dicit
573 3745 723 3802 Maurob.
736 3751 882 3804 Saturnul.
892 3749 927 3813 V,
939 3753 982 3802 20.
1000 3764 1030 3817 p.
1041 3743 1104 3813 364,
1123 3746 1205 3800 docte
1223 3747 1281 3817 egit

346 3817 571 3888 llermonnus
594 3836 728 3892 sternent.
752 3833 843 3898 doctr.
860 3846 939 3892 metr.
963 3835 1066 3907 pose
1089 3833 1144 3892 Glr·
1161 3834 1279 3892 zeus.

344 3923 365 3976 r.
374 3921 410 3974 11.
429 3938 458 3992 p.
468 3923 531 3981 207.
1228 3912 1232 3921 ’

276 4037 325 4114 il)
350 4047 392 4100 De
408 4043 688 4115 cuuss.plantur.11,
707 4051 734 4110 3,
756 4051 781 4100 t.
800 4063 828 4117 p.
837 4051 899 4108 391.
