2824 4746
434 311 814 382 Meteoromantia.
1064 321 1128 386 199

112 493 206 560 uibus
232 491 316 559 cirea
340 486 580 580 vBorysthenem
608 485 738 558 fluvium
763 487 821 573 ait,
851 485 1046 560 horizontem
1079 493 1124 562 ihi

112 597 188 665 totis
216 595 282 664 sere
310 591 437 664 aestivis
468 593 613 662 noen‘hns
640 591 793 662 illustrari
824 591 922 660 radiis
953 596 1123 684 solaribus,

113 701 155 770 ab
185 725 299 770 occasu
321 723 422 792 usqne
444 699 488 766 ad
509 712 614 766 ortum
634 698 756 766 lumine
779 695 988 768 obversante:
1024 705 1122 798 tropi·

112 832 184 876 eum
223 805 310 874 enim
353 801 507 872 aestivum
544 801 585 870 ab
627 800 791 872 horizonte
820 804 952 874 'abesse
990 807 1123 875 semisse

110 929 144 982 et
168 910 260 980 uncia
286 908 400 1002 integri
431 909 513 1000 signi
537 916 731 993 (0⁸,5-t-O‘,
754 913 1039 994 083³..=17',
1068 915 1122 990 5)t
1176 919 1178 924 ’

110 1015 370 1108 tantumdemque
399 1031 531 1084 necesse
553 1036 626 1082 esse
647 1013 715 1107 ipse
738 1014 788 1083 sol
812 1014 853 1084 ah
875 1013 1040 1085 horizonte
1063 1017 1122 1084 suh

109 1120 248 1190 mediam
274 1119 357 1190 absit
384 1135 521 1188 noctem.
566 1117 614 1186 Et
641 1119 739 1208 opud
758 1143 838 1204 nos,
867 1121 989 1214 pergit,
1020 1129 1120 1188 tanto

110 1225 242 1293 distans
270 1223 384 1314 spatio
415 1223 476 1291 sol
498 1223 546 1304 ,ab
568 1223 748 1292 horizonte
770 1235 806 1293 et
828 1235 911 1292 onte
934 1225 1122 1292 diloculum

109 1339 245 1419 etpost
269 1351 449 1418 vesperam
470 1327 615 1396 ortieum
646 1326 866 1397 occz'duumoe
895 1336 1013 1396 utrem
1040 1329 1120 1398 ittu-

109 1445 211 1504 strot.
246 1433 337 1503 Bene
359 1433 457 1526 igitue
477 1449 632 1520 ¹noverunt
653 1435 786 1520 veteres,
810 1431 937 1525 qualem
957 1433 1042 1502 iufra
1062 1433 1119 1502 ho-

107 1539 261 1608 rizontem
289 1539 338 1606 sol
364 1537 562 1608 altitudinem
586 1537 704 1608 haheat
729 1560 860 1606 neeesse
895 1537 951 1621 sit,
989 1554 1025 1606 ut
1052 1563 1119 1605 ere-

106 1642 273 1739 puseulum
293 1657 501 1740 provocetur3
538 1655 570 1708 et
599 1641 771 1710 reflexione
800 1640 962 1708 radiorum
992 1640 1069 1710 solis
1097 1665 1119 1709 a

105 1748 227 1843 superis
240 1744 481 1839 a'tmosphaerae
496 1743 638 1838 partibus
654 1744 687 1812 id
702 1742 779 1833 ¹fieri,
801 1743 883 1812 uude
907 1747 1061 1814 Statius
1073 1749 1118 1825 ²):

162 1854 283 1944 Longo
304 1867 507 1939 repercusso
531 1839 662 1916 nituere
685 1851 887 1939 crepusculo
909 1849 1060 1918 Phoebo.

534 2119 691 2134 *a
769 2123 772 2130 i

495 2423 642 2526 Uolt·
671 2428 730 2515 X.

253 2567 255 2576 ⁵
372 2585 859 2674 Meteoromuntia.

554 2799 584 2870 §.
608 2788 661 2857 49.
773 2861 774 2864 ,

198 2931 251 2999 Ex
271 2931 321 3014 iis,
345 2952 426 3022 quae
448 2927 564 2998 Graeci
585 2943 760 3012 ventorum,
784 2927 920 3021 pluviae,
949 2942 1116 3020 tempesta-

112 3055 176 3107 tum
199 3053 231 3104 et
252 3032 440 3126 serenitatis,
470 3034 600 3124 omuino
625 3033 687 3128 τῆς
708 3032 904 3129 μεταβολῆς
932 3031 998 3104 τοῦ·
1015 3031 1118 3131 ἀέρος

111 3141 225 3210 indicia
247 3138 459 3231 significantia
480 3139 692 3232 collegerunt,
721 3163 824 3233 pauca
845 3153 965 3207 tautum
988 3139 1038 3209 hic
1061 3165 1117 3234 ap-

112 3269 228 3339 ponere
250 3242 366 3336 ptaeet,
389 3269 447 3312 uec
468 3243 531 3310 nisi
553 3271 589 3314 ex
605 3267 714 3314 eorum
729 3267 870 3329 numero,
893 3269 1026 3338 quorum
1048 3271 1118 3314 cau-

112 3375 165 3418 sae
187 3375 226 3417 ex
246 3345 318 3441 ipsa
333 3347 574 3443 atmosphaerae
589 3349 770 3418 conditione
785 3351 973 3440 repetendae
989 3375 1057 3418 esse
1073 3351 1117 3417 vi-

113 3456 234 3524 dentur.
246 3455 284 3534 ¹).
330 3451 422 3546 Quae
445 3453 528 3521 enirn
551 3454 591 3523 ah
618 3453 744 3538 avibus,
775 3455 905 3522 omuino
928 3457 969 3524 ab
997 3455 1118 3524 auima-

113 3641 324 3654 —....-—-

131 3747 163 3814 2)
190 3741 274 3800 Theb.
291 3743 314 3808 1,
332 3740 395 3802 344.

135 3857 164 3922 1)
188 3851 271 3904 Talin
296 3859 497 3923 congesserunt
522 3849 604 3923 signa
627 3851 814 3922 Humphry
839 3854 942 3923 Davy
969 3849 1001 3906 in
1027 3851 1120 3908 Edist-

186 3939 279 4012 turgt
302 3937 509 4008 philosophieol
529 3938 651 3992 Journal
673 3954 718 4002 ur,
741 3945 781 3993 X.
807 3958 835 4012 p.
854 3943 916 4001 ast.
941 3939 1120 3996 Sohiihler

191 4023 372 4083 orundstoze
389 4023 440 4081 der
457 4027 639 4099 Meteorolog.
657 4043 685 4098 p.
697 4033 748 4090 191
767 4045 831 4103 sqq.
