2832 4740
282 285 344 350 168
632 277 699 344 De
716 277 933 367 [algarum

284 467 318 522 et
340 455 582 546 colliqoontor,
612 453 675 520 illo
705 455 782 542 ipso
813 454 998 522 certamine
1029 464 1065 522 et
1091 455 1174 545 quia
1197 455 1290 525 obni-
1336 488 1339 492 ·

284 571 414 642 tantur,
446 559 588 652 assecta.
631 559 736 626 Rara
762 567 878 624 autem
899 569 934 624 ct
948 581 1084 648 porosa
1105 569 1141 625 et
1159 557 1292 630 hiantia

279 651 426 755 propter
454 666 592 732 nimiam
620 664 803 731 raritatem
828 661 953 728 illaesa
986 663 1199 732 transcurrit
1210 664 1291 754 sul·

284 793 361 836 men
392 793 448 837 ec.
469 795 522 861 gr.
556 779 663 836 uestes
694 778 730 835 ct
754 767 849 834 sicca
872 765 974 856 lc'gna.
1018 767 1154 836 Recens
1178 779 1294 835 antem

286 897 393 942 caeso
415 873 601 956 comburit,
633 871 896 940 combustionem
917 870 1129 938 secundante
1150 870 1292 940 humidi·

287 989 371 1046 tote.
416 977 525 1046 Etiam
547 972 802 1044 Aristoteles
829 975 973 1068 exempla
995 975 1085 1044 affert
1105 973 1168 1044 huc
1196 977 1293 1069 perti·

286 1081 448 1160 nentia⁸):
483 1082 587 1150 Scuti
610 1103 754 1148 aeneum
775 1089 1002 1170 tegumentum
1024 1079 1293 1170 collr'qoolratur,

287 1175 411 1276 tegnam
436 1209 514 1253 vcro
538 1207 752 1277 nequaquam
774 1180 997 1278 afficiebatur.
1041 1185 1160 1275 Neque
1183 1196 1293 1252 oestes

287 1289 476 1356 combussit
501 1288 645 1378 solman,
676 1289 741 1356 scd
766 1286 802 1354 in
818 1310 957 1376 pannos
985 1287 1123 1378 redegit.
1166 1287 1292 1356 Recen-

285 1394 382 1462 tiores
404 1394 528 1487 physici
550 1394 609 1462 etsi
631 1393 713 1460 idern
734 1415 912 1487 proponere
934 1391 1045 1474 solent,
1073 1391 1218 1462 differunt
1240 1410 1285 1461 ta-

285 1525 359 1566 men
381 1499 422 1566 ab
445 1498 582 1594 antiquis
604 1497 637 1564 in
652 1521 700 1583 eo,
724 1498 810 1591 qnod
827 1495 860 1564 hi
875 1495 1037 1563 densiores
1059 1498 1208 1565 materias
1229 1497 1291 1566 lul-

286 1602 364 1670 mini
386 1602 456 1700 plus
471 1601 687 1698 impedimenti
703 1603 862 1670 obstruere
878 1599 993 1684 dicunt,
1017 1624 1110 1692 quam
1125 1627 1196 1708 eas,
1213 1627 1294 1698 quae

286 1708 441 1777 minorem
464 1708 649 1778 densitatem
672 1705 825 1786 habeant3
862 1728 922 1772 nos
944 1728 1025 1810 vero¹
1044 1731 1108 1773 non
1137 1731 1157 1774 a
1187 1708 1294 1775 densi-

287 1829 351 1882 tate
378 1829 410 1882 et
431 1813 577 1894 raritate,
611 1812 667 1880 sed
693 1836 712 1880 a
741 1811 829 1879 varia
859 1807 890 1876 vi
911 1807 1104 1904 singulorum
1127 1811 1294 1904 corp'omm

289 1916 467 1986 electricum
494 1917 626 1985 lluidum
639 1914 841 1985 ‘conducendi
863 1913 1001 2008 pendere
1024 1915 1179 2000 dicamus,
1212 1940 1294 2008 quae

286 2047 357 2088 cum
379 2021 414 2089 in
435 2021 571 2090 metallis
595 2023 733 2089 maxima
755 2018 812 2103 sit,
838 2014 905 2085 sere
927 2017 966 2086 ad
998 2019 1187 2088 contrariam
1218 2045 1293 2112 pro-

286 2124 477 2220 positionem
498 2125 716 2218 pervenimus,
742 2122 891 2191 densiora
913 2145 1046 2214 corpora
1069 2123 1171 2190 minus
1194 2123 1288 2206 laedi,

287 2250 382 2324 quam
404 2226 534 2295 rariora.
581 2227 656 2318 Quo
679 2243 784 2297 autem
806 2227 903 2296 modo
926 2229 993 2309 fiat,
1021 2241 1056 2293 ut
1077 2225 1200 2316 fulgura
1221 2253 1287 2294 non

285 2332 391 2400 solum·
411 2323 605 2418 combinent,
629 2333 683 2402 sed
706 2332 801 2402 etiam
822 2329 1006 2428 percutiant,
1028 2331 1062 2398 id
1085 2330 1288 2400 Aristote-

284 2436 344 2505 les
366 2437 410 2504 ita
433 2436 587 2529 explicare
610 2455 759 2522 conatur,
785 2453 821 2506 ut
842 2437 936 2506 flatus
961 2437 1157 2526 (ureripa'n
1182 2437 1289 2528 singn—
1312 2433 1316 2440 ’

272 2541 315 2610 *la
336 2538 468 2609 fulmina
490 2543 660 2635 praecedat
682 2559 712 2611 et
733 2541 912 2625 eomitetnr,
942 2541 995 2633 qui
1018 2541 1227 2636 percussionis
1249 2542 1291 2610 sit

284 2657 391 2715 causa.
437 2645 561 2716 Omnes
590 2662 728 2715 veterum
759 2647 799 2714 de
827 2643 995 2715 fulminum
1017 2645 1175 2716 effectibus
1202 2645 1290 2714 locos

282 2777 322 2821 ne
356 2751 483 2820 laudare
514 2751 637 2844 quidem
667 2751 701 2820 in
729 2751 835 2820 animo
869 2766 936 2829 est;
973 2750 1152 2819 adscribam
1183 2757 1293 2820 tamen

281 2857 532 2926 memorabilium
587 2855 758 2926 nonnullos
809 2855 960 2947 integros.
1025 2856 1149 2947 Agauen
1181 2851 1293 2925 'ducat

280 2959 511 3041 Lucretiu8‚
535 2959 589 3053 qui
612 2959 741 3045 dicit⁰):

329 3063 440 3130 Curat
462 3065 554 3146 item,
578 3073 617 3129 at
637 3065 729 3132 rasis
752 3065 895 3157 integris
922 3065 1000 3130 vina
1022 3077 1161 3153 repente
1224 3141 1226 3146 ,

321 3166 547 3258 Dissugiant:
583 3166 665 3257 qnia
686 3168 846 3236 nimirum
855 3169 975 3262 facilc
998 3169 1113 3236 omnio
1137 3170 1259 3238 circam

326 3268 512 3351 Conlocat,
540 3294 687 3361 rareque
698 3273 798 3365 Jocit
822 3273 1024 3341 lateramina
1049 3274 1130 3340 rosi.

296 3519 329 3588 6)
354 3517 419 3576 Oion
436 3516 549 3579 ἶὶσπιὸοε
566 3521 618 3594 ἤδη
635 3487 666 3580 cl
684 3526 736 3594 μὲν
754 3521 885 3596 pileorum
901 3528 992 3596 deden,
1011 3525 1044 3582 ci
1067 3524 1096 3580 δὲ
1112 3523 1290 3590 Eiloooddir

348 3607 447 3662 ἔπαθε.
467 3608 512 3664 elai
534 3611 651 3682 ἱματίων
669 3609 770 3681 ὁμοίως
787 3611 820 3666 ου’
837 3619 1015 3680 κατέκαυσεν,
1038 3609 1096 3670 o'll'
1114 3611 1173 3670 olor
1194 3612 1289 3684 epiros

252 3753 257 3763 .
348 3692 453 3766 [enixos
470 3699 635 3768 Bekker]
656 3697 790 3768 ἐποίησεν.
1089 3691 1091 3699 ⁴

295 3799 326 3867 7)
350 3800 544 3873 Euripides
563 3803 640 3873 apud
658 3805 840 3862 Plutarch.
861 3815 972 3875 (tuaest.
991 3813 1119 3881 Sympos.
1136 3807 1189 3875 IV,
1210 3810 1240 3868 ἲ,
1259 3802 1287 3862 lt.

349 3903 377 3955 p-
389 3893 449 3946 721.
467 3888 507 3951 nit
523 3887 635 3961 βροντῆς
653 3895 768 3964 aretina.

298 3987 329 4053 8)
353 3991 482 4056 V1‚2to.
502 4011 564 4068 sqq.
