2846 4734
440 305 695 396 grooitotem
710 305 841 372 uiris.
1096 311 1137 372 25

135 479 279 548 tissimus
301 477 500 550 Toricelli
522 497 553 550 et
574 481 687 550 eodem
701 496 841 574 tempore
857 476 1070 548 Cartesius
1086 489 1138 560 ¹⁰)

134 583 297 668 meliorem
319 611 359 652 ex
381 583 533 680 gravitate
555 585 638 654 airis
658 585 790 682 petitam
816 582 1055 677 explicationem
1068 609 1141 677 pro·

134 686 280 759 tulerunt.

595 869 623 952 §-
653 869 686 933 s.

281 1003 348 1074 Ad
373 1003 710 1074 Eudiometriom
739 1003 1007 1094 spectantia..

224 1137 315 1212 Nihil
344 1143 499 1214 veteribus
534 1146 573 1214 de
601 1142 682 1212 airis
711 1141 953 1237 utmospbaeriei
981 1143 1140 1236 composi-

139 1243 228 1315 tione
253 1246 449 1335 innotuisse,
480 1265 566 1318 extra
598 1248 724 1316 omnem
751 1247 976 1316 dubitationem
999 1249 1139 1341 positum
1221 1301 1224 1308 .

133 1364 192 1418 est.
235 1350 347 1448 Itaque
369 1351 468 1421 altum
490 1353 581 1422 uubis
605 1354 643 1424 de
658 1352 879 1422 Eudiometria
892 1369 1032 1422 veterum
1047 1350 1142 1420 sileni

133 1453 211 1522 tium
234 1472 319 1525 esset
332 1455 522 1551 impositum,
546 1459 607 1528 uisi
622 1481 726 1554 pauca
742 1458 780 1527 de
795 1455 946 1550 pestilera
961 1455 1141 1526 conditione

135 1559 218 1625 a'eris
240 1560 274 1626 in
301 1560 415 1628 vicinia
436 1561 588 1654 paludum
610 1561 824 1652 stagnantium
838 1560 939 1652 deque
961 1559 1055 1628 rub'ra
1070 1559 1143 1627 nive

135 1677 245 1730 essent
269 1661 450 1732 adferenda.
482 1662 705 1747 Galenus1)
727 1663 770 1730 ait
778 1660 912 1729 multum
934 1663 1143 1730 similitudinis

132 1765 327 1834 intercedere
341 1766 422 1834 iuter
444 1767 586 1836 vitiatum
608 1780 792 1858 stagnorum
804 1769 912 1834 adrem
933 1781 964 1834 et
979 1763 1145 1834 alteratum

133 1871 223 1940 illum
245 1871 453 1964 respiratione
482 1871 691 1968 complurium
714 1868 876 1940 bominum
892 1883 979 1938 arcto
999 1862 1144 1964 ¹quodam

136 1975 240 2072 spatio
264 1973 469 2046 seclusarum.
514 1977 639 2052 Adrum
660 1967 764 2044 autem
792 1973 993 2042 sorbonicum
1025 1977 1143 2067 oxydu-

136 2080 246 2166 latum,
270 2081 336 2150 sive
358 2105 547 2177 vaporema
576 2081 764 2150 carbonibus
788 2076 970 2146 ardentibus
994 2081 1143 2174 progeni-

135 2201 201 2255 tum
224 2186 393 2277 obnoxium
415 2211 484 2254 esse
506 2177 685 2254 homiuibus
710 2200 741 2278 et
762 2182 894 2250 multum
909 2208 979 2252 cum
995 2183 1054 2253 illo
1069 2191 1143 2254 aere

136 2289 346 2358 similitudinis
370 2289 484 2360 habere
506 2291 571 2360 iam
594 2287 750 2358 veteribus
772 2311 839 2354 non
854 2279 921 2355 erat
940 2289 1082 2380 ignotum
1101 2299 1142 2370 ²).
1169 2359 1171 2370 ,

136 2391 241 2462 Locos
263 2393 297 2462 iu
318 2395 432 2465 vicinia
453 2395 604 2490 paludum
626 2411 658 2462 et
678 2409 861 2484 stagnorum
883 2407 937 2459 aut
958 2394 992 2460 iu
1015 2393 1142 2462 conval-

135 2497 219 2567 libus
243 2499 336 2584 sitos‚
363 2515 419 2568 aut
443 2499 484 2568 ad
506 2516 644 2569 austrum
671 2513 806 2566 ventum.
827 2513 989 2590 vergentes
1020 2513 1074 2568 a'ut
1100 2499 1144 2568 ad

136 2603 330 2674 occidentem
350 2603 530 2702 inclinatos,
554 2603 684 2672 morbos
700 2601 811 2670 afferre
833 2603 878 2670 ait
891 2601 1144 2698 Didymuso.

135 2707 214 2778 Non
235 2725 342 2778 tamen
364 2707 477 2804 ubique
504 2709 675 2805 paludibus
701 2705 885 2800 impositum
908 2712 1018 2774 'adrem
1050 2707 1141 2775 vitio-

138 2838 210 2880 sum
232 2821 321 2898 esse,
344 2811 396 2880 hic
426 2813 492 2882 illic
507 2829 669 2881 enotatnm
691 2827 748 2879 est
792 2810 843 2876 lta
865 2809 951 2904 apud
974 2809 1142 2880 Strabo·

137 2941 225 2984 nem
247 2918 286 2984 de
309 2915 517 3012 Alexandriae
551 2914 668 3010 oppido
697 2913 842 3008 leguntur
870 2911 948 2982 baec
966 2919 1017 3002 ’Ὧι
1057 2913 1143 2984 Cae·

140 3171 189 3243 10)
211 3173 254 3226 De
269 3129 424 3227 Cartesii
442 3171 496 3225 huo
511 3147 543 3225 iu
565 3188 596 3225 re
615 3142 725 3225 meritis
742 3167 929 3225 conserendus
955 3169 1147 3233 Moutuola
1196 3152 1199 3160 ’

123 3328 126 3336 .
207 3261 282 3316 Hist.
301 3256 351 3312 des
366 3259 506 3314 Maian.
525 3274 553 3328 p.
563 3251 625 3313 2011.
642 3272 704 3330 sqq.
772 3297 774 3302 .
826 3299 829 3310 ,
907 3301 909 3308 .

160 3364 189 3430 1)
208 3368 249 3416 De
266 3361 373 3418 tuenda
390 3364 520 3419 sanitate.
537 3359 631 3415 libat.
652 3361 735 3414 Tum.
746 3360 795 3414 tv.
814 3374 845 3431 p.
855 3365 916 3414 228.

162 3464 195 3534 2)
212 3465 412 3520 Schneider
430 3465 466 3518 ad
484 3468 580 3536 Eolug.
598 3464 828 3536 ptys.Tom.11.
848 3478 876 3533 p.
888 3469 950 3520 133.

162 3569 193 3632 3)
211 3569 245 3620 Ιιι
264 3567 460 3638 Geoponio.
482 3570 521 3636 11,
541 3578 567 3628 3.
584 3586 613 3639 p.
624 3572 668 3628 71.
687 3564 884 3630 ed.Niolas‚
903 3561 1076 3638 quibusoam
1094 3566 1144 3622 uir.

208 3653 612 3721 tlin.aanr.naa.xvt11‚
632 3655 657 3712 6.
677 3648 906 3719 viserunt.
939 3691 942 3698 ·
1049 3697 1051 3702 .
1084 3719 1086 3724 X

161 3755 191 3831 d)
211 3756 252 3816 At
262 3760 313 3830 μὲν
324 3757 466 3835 γᾶρίἱλλαι
485 3763 577 3818 πόλεις
595 3756 628 3813 at
643 3757 687 3812 inl
704 3753 808 3826 λιμνιὸν
827 3754 977 3832 ἱδρυμέναι,
994 3762 1087 3830 βαρεῖν
1097 3769 1144 3816 καλ

209 3839 353 3918 πνιγώδης
359 3849 445 3916 ἔχουσι
461 3849 522 3907 auis
530 3847 613 3923 diuus
621 3847 651 3904 ἐν
659 3849 715 3902 τοῖς
724 3839 840 3914 anianus
847 3843 896 3898 τοῦ
905 3845 1014 3911 θέρους.
1028 3845 1073 3901 iat
1090 3849 1142 3920 γάρ

209 3940 268 3991 uois
284 3935 400 4004 χείλεσιν
417 3935 449 3992 ui
471 3937 565 4009 λίμναι
587 3929 782 4006 retinentum
805 3928 853 3986 diui
869 3931 925 4002 τήνζ
938 3933 969 3986 ἐκ
986 3933 1041 3990 τῶν
1060 3933 1144 4004 ἡλίων

210 4017 405 4093 ἀναθυμίασιν.
423 4022 611 4100 βαρβορνλδονν
634 4014 681 4078 οὖν
698 4015 901 4095 ἀναφερομένης,
914 4017 1042 4093 annuitur
1058 4019 1144 4092 ἰκμά-
