2832 4740
800 68 818 106 e

426 320 490 391 Do
511 318 631 404 Iride
652 320 805 392 solari.

565 565 597 690 §2
619 602 672 672 tt.
697 633 702 655 ι

431 724 496 795 De
517 724 637 794 Iride
658 725 807 796 solari.

203 873 297 946 Iridis
333 875 496 946 historiam
524 876 611 970 apud
639 879 759 944 vetere's
795 890 975 944 coementes
1011 879 1119 971 paucis

119 967 246 1074 defungi
268 1003 456 1076 possumus,
479 1005 548 1047 cum
573 981 728 1048 abunde
717 1006 781 1052 tam
796 996 928 1050 tractata
951 980 990 1048 sit
1012 996 1078 1048 tum
1101 1005 1122 1050 a

118 1086 259 1183 pluribus
276 1085 357 1170 aliis,
381 1101 447 1152 tum
462 1107 480 1150 a
495 1081 608 1153 Fleis
618 1083 749 1154 chero.
772 1084 814 1151 de
827 1082 977 1153 lenibus
993 1083 1120 1154 doctri-

116 1219 162 1262 na
177 1190 379 1260 Aristotelis
402 1199 437 1256 et
451 1188 763 1272 Vitellzom'seer'ta
785 1187 942 1256 methodo
967 1212 1119 1279 compre-

115 1297 259 1375 henso¹)
281 1310 312 1364 et
334 1317 354 1362 a
375 1291 641 1388 Bergmenno:
676 1295 736 1362 De
758 1318 862 1361 arcus
878 1293 1036 1379 caelesp's
1059 1317 1120 1360 ex-

111 1397 354 1492 plicationibus
370 1398 411 1489 ²).
467 1395 581 1492 Neque
619 1423 752 1496 prorsus
788 1398 1032 1468 contemnendus
1071 1415 1122 1468 est

116 1503 337 1575 Alexandri
364 1501 657 1574 Piecolomiuei
672 1506 869 1573 'Tractotns
891 1502 934 1568 de
954 1501 1057 1587 Iride,
1085 1504 1122 1571 ιἰι

115 1635 182 1703 quo
223 1623 327 1703 quom
357 1606 513 1698 plurimo
552 1619 622 1675 tum
653 1606 862 1688 Aristotelis,
900 1616 974 1672 tum
1016 1607 1122 1675 etiam

9 1765 10 1770 ι
110 1713 317 1783 Alexandri
343 1709 622 1800 Aphrodtsienst's
667 1733 710 1778 ac
747 1708 990 1801 olympiodori
1029 1710 1138 1804 dicta,
1223 1709 1239 1778 ζ

9 1839 11 1894 t
116 1815 400 1902 dilucthantufl)

9 1941 10 1998 ζ
190 1922 289 1992 Cum
310 1934 436 2016 putaret
457 1916 724 2002 Aristoteles,
754 1917 862 1988 radios
886 1917 963 1987 solis
986 1943 1006 1989 a
1027 1920 1120 2003 nube,

9 2035 10 2064 ³
114 2055 154 2098 ex
177 2051 241 2146 qua
262 2022 453 2093 stillicidium
474 2023 571 2107 fieret,
595 2021 715 2092 reflecti
736 2037 769 2092 et
790 2021 917 2117 quidem
939 2048 959 2091 e
989 2021 1120 2117 siugulis

9 2165 12 2228 J
114 2130 225 2226 guttis,
250 2154 422 2224 quaecum
443 2127 634 2198 minusculae
656 2143 778 2197 tantum
800 2143 925 2212 esseut,
956 2128 1026 2197 loco
1049 2154 1120 2224 per-

114 2235 217 2305 fectae
240 2232 344 2304 solis
333 2234 480 2327 emogiuis
502 2235 672 2328 permistos
689 2247 808 2300 tantum
831 2233 952 2302 colores
974 2234 1117 2321 reddant,

116 2337 197 2407 nihil
219 2337 329 2407 certius
350 2340 527 2432 proposuit,
559 2339 643 2407 unde
665 2335 790 2430 singula'
813 2335 901 2404 iridis
930 2336 1121 2460 qieeuome·

9 2441 11 2516 Ῐ
114 2468 158 2514 no
181 2440 368 2536 explicanda
398 2457 521 2530 essent,
553 2442 638 2535 quod
668 2439 833 2510 recentiori
865 2442 959 2509 aetati
986 2442 1120 2539 reliquit,

9 2571 10 2638 ζ
118 2571 199 2642 quae
230 2571 269 2615 eo
296 2569 391 2641 opere
412 2544 456 2616 ita
478 2545 623 2614 defuncte
645 2559 708 2628 est,
739 2559 773 2611 ut
793 2544 1019 2638 posterioribus
1042 2546 1121 2617 nihil
1230 2591 1233 2597 ·

9 2643 11 2772 ἰ
90 2651 183 2721 sere
213 2667 341 2745 praeter
368 2650 571 2720 secundarios
602 2647 723 2720 colores
764 2650 1034 2743 interpretandum
1070 2676 1137 2738 rep
1232 2669 1236 2678 ’

9 2787 10 2820 l

187 2950 236 2996 tm
253 2947 334 2994 enter
352 2944 543 3011 Beoneperte.
562 2936 668 2993 Berlin.
681 2944 758 2996 1800.
778 2953 807 3008 p·
822 2939 857 2996 57
881 2952 945 3012 sqq.
968 2935 1046 2990 Satt
1064 2941 1123 2992 Vo-

188 3044 263 3100 yege
280 3045 315 3082 m
333 3025 491 3107 Abyssr'nie
506 3024 576 3080 trad.
595 3041 650 3097 per
666 3027 799 3094 Henry.
818 3021 895 3078 Paris
916 3024 992 3081 1816.
1016 3026 1083 3081 Vol.
1098 3026 1121 3080 1.

189 3134 219 3188 p.
239 3112 359 3183 15110.
377 3113 475 3169 Zaoh
494 3114 738 3184 correspondanoe
755 3113 972 3183 astronomique.
988 3114 1056 3168 Vol.
1072 3114 1122 3166 111.

186 3221 216 3274 p·
226 3198 282 3260 168
297 3210 326 3256 ot
344 3200 424 3256 elios.
459 3199 569 3268 Addas,
587 3199 613 3254 si
630 3202 732 3272 placet,
752 3198 974 3271 pulcherrimam
992 3200 1122 3271 phoeno-

188 3288 268 3344 meni
284 3286 494 3367 expositionem
517 3306 554 3342 ex
576 3285 716 3344 Fenseri
735 3284 923 3358 descriptione
937 3285 1072 3341 itinerum
1088 3285 1120 3339 in

187 3373 338 3431 Persieim
351 3373 520 3446 Edinburgh
533 3393 593 3430 new
607 3372 812 3445 philosophical
819 3374 949 3430 Journal.
959 3373 980 3428 1.
992 3372 1122 3447 April-
1157 3381 1159 3386 ’
1214 3391 1216 3398 ⁴

188 3461 494 3530 ontbr.1826p..185
580 3487 583 3495 ·
971 3497 974 3502 .

138 3573 168 3640 1)
191 3566 369 3639 Vitebergee.
385 3569 463 3626 1571.
484 3573 510 3622 8

138 3679 168 3747 2)
194 3672 324 3744 opuscul.
340 3672 451 3743 physic.
469 3671 553 3726 edem.
572 3673 639 3728 Vol.
649 3673 685 3728 V.
703 3669 783 3742 Lips
794 3674 872 3730 1788.
893 3676 919 3726 8
936 3619 1036 3740 103111.

138 3787 169 3853 3)
193 3777 250 3851 Qui
267 3776 406 3850 reperitur
421 3777 454 3832 iu
472 3775 573 3832 libro'
564 3776 715 3850 mseriptoe
740 3775 903 3832 Alexandri
918 3770 1124 3847 Aphrodisien-

189 3869 229 3922 ste
246 3867 278 3922 in
296 3872 415 3938 quatuor
432 3864 517 3919 libros
532 3867 805 3938 Meteerologicornm
815 3864 971 3932 Aristotelis
985 3879 1124 3918 commen-

191 3957 258 4012 tatio
288 3953 505 4008 Alexandro
531 3954 797 4008 Piccolomineo
827 3954 984 4025 interprete.
1019 3952 1122 4007 venet.

192 4040 268 4115 epod
286 4037 453 4110 Hieronym.
472 4039 546 4094 8001.
558 4035 636 4100 tett-
654 4040 704 4098 tot.
715 4047 758 4100 51.
776 4057 839 4114 sqq.
