2832 4740
476 347 481 360 =
532 319 683 387 solari.
1047 329 1108 394 191
1197 301 1201 310 ’

194 494 266 566 VL-
278 495 367 566 Dicit
387 494 509 564 colores
530 495 716 566 iridisesse
739 495 909 590 simplices,
925 499 1113 594 neque'ulla

108 626 129 669 a
149 601 318 694 pictoribus
340 599 476 670 aliorum
497 597 638 670 colorum
659 600 808 670 mixtione
829 603 941 672 confici
962 630 1068 699 posse.

195 705 344 800 Denique
376 730 546 798 numquam
575 731 640 776 non
662 707 831 806 adversam
862 706 924 776 soli
956 732 1110 802 apparere

40 893 45 899 ι
107 809 262 895 affirmat,
295 808 460 879 sublimem
482 826 536 880 aut
557 810 715 895 humilem,
736 827 840 904 prout
859 809 913 880 ille
935 837 969 880 se
993 816 1109 885 submi·
1165 883 1167 894 Α

108 915 194 1000 serit,
216 931 269 984 aut
290 913 465 998 sustulerit·
480 915 640 984 contrario
662 915 759 984 motu.
799 914 860 983 Illo
875 914 959 984 enim
981 917 1109 988 adscen-

106 1021 210 1105 dente,
234 1018 381 1092 altiorem
403 1043 484 1105 esse,
507 1018 571 1088 alto
595 1019 836 1112 depressiorem.
881 1019 985 1115 Saepe
1008 1023 1109 1092 nubes

105 1149 177 1192 esse
201 1148 221 1193 a
249 1123 347 1192 latere
360 1121 463 1206 solis,
492 1148 592 1218 neque
614 1149 723 1194 arcum
746 1122 880 1211 efficere,
909 1126 982 1218 quia
1004 1150 1111 1196 nona

105 1244 193 1298 recto
213 1226 383 1320 imaginem
404 1227 541 1298 trabant.

113 1398 116 1404 .
162 1377 165 1387 ·
192 1331 314 1401 Omnia
333 1330 413 1402 baec
434 1357 509 1403 vera
531 1349 604 1404 snut
621 1349 651 1403 et
672 1359 710 1402 ex
725 1335 954 1405 Aristotele
977 1339 1017 1407 ab
1041 1362 1108 1406 om-

103 1436 208 1520 nibus,
237 1435 291 1530 qui
312 1437 352 1505 de
372 1436 453 1507 iride
475 1455 582 1530 agrrnt,
613 1438 680 1508 sive
701 1439 804 1535 potius
826 1441 1000 1510 Aristotele
1016 1475 1017 1482 ¹
1031 1444 1109 1514 duce

102 1567 140 1610 ex
163 1541 234 1634 ipsa
248 1555 362 1610 namra
374 1543 516 1636 repetita.
554 1545 708 1614 Seneca
722 1544 776 1626 ait,
792 1544 928 1614 ¹dubium
945 1572 1015 1616 esse
1029 1549 1117 1640 nulli,

101 1669 210 1741 posse,
234 1645 309 1740 quin
331 1668 420 1713 arcus
442 1647 550 1738 imago
573 1648 649 1715 solis
665 1648 707 1715 sit
727 1646 850 1714 roscida
871 1665 903 1716 et
924 1673 1004 1719 cava
1025 1652 1110 1721 nube

101 1751 317 1842 concepta¹⁰),
346 1765 378 1816 et
399 1749 432 1817 in
458 1750 569 1840 eedem
590 1750 683 1842 igitur
704 1749 863 1818 sententia
884 1775 918 1820 se
941 1776 1010 1822 esse
1032 1780 1108 1848 pro·
1197 1801 1205 1810 -

99 1854 322 1946 fitetur‚=qua
354 1851 646 1938 Posidonium,·
671 1869 707 1922 nt
743 1854 999 1926 arcumiudioet
1037 1859 1109 1930 lieri

99 1957 186 2026 nube
208 1955 344 2026 formata
366 1958 399 2026 in
420 1959 550 2027 modum
564 1957 692 2027 concavi
707 1957 830 2052 speculi
846 1973 878 2030 et
898 1961 1035 2046 rotundi,
1058 1964 1109 2034 eui

65 2047 70 2052 ¹
97 2060 207 2128 forma
226 2059 268 2130 sit
287 2063 386 2152 partis
401 2062 507 2157 epila
529 2077 643 2132 sectae.
692 2061 766 2131 Hoc
788 2063 926 2155 probari,
949 2065 1011 2134 nisi
1033 2092 1107 2159 geo-

98 2179 218 2235 metrae
240 2165 424 2252 adiurerint,
447 2191 512 2236 non
532 2191 648 2261 posses
662 2167 715 2262 qui
737 2167 926 2258 argumentis
950 2169 1029 2239 nihil
1050 2173 1107 2240 du-

100 2268 146 2336 bii
168 2267 412 2362 relinquentibus
436 2272 581 2358 doceanu
611 2271 690 2341 solis
710 2270 800 2339 illam
822 2295 893 2340 esse
918 2273 1106 2368 imaginem,
1206 2335 1211 2344 ,

100 2396 165 2440 non
188 2372 332 2464 similem.
470 2387 473 2391 ’
647 2391 653 2395 “

187 2478 264 2544 Arte
298 2473 380 2545 ellici
412 2499 507 2570 posse
539 2479 637 2547 irides
669 2477 752 2549 bene
785 2473 941 2553 noverunt
974 2501 1105 2555 veteres.

103 2579 156 2652 Ne
189 2606 315 2674 semper
355 2580 607 2654 Aristotelis
645 2600 677 2651 et
716 2588 1106 2664 senecae'auctoriute

102 2702 186 2771 utar,
218 2685 371 2769 afferam·
393 2709 472 2778 quae
510 2686 595 2780 apud
631 2687 911 2780 ¹Stobaeum¹¹)
945 2691 1106 2781 leguntur:

101 2791 142 2858 Si
168 2791 243 2882 quis
266 2791 338 2857 soli
356 2790 551 2857 contrarius
574 2801 647 2858 stat
667 2807 701 2859 et
724 2791 850 2880 aquam
873 2817 919 2859 ex
942 2817 1003 2859 ore
1021 2819 1104 2883 pro-

98 2895 207 2982 pellit,
229 2895 265 2962 in
289 2895 432 2987 siugulis
452 2895 561 2986 guttis
583 2895 677 2964 radii
693 2894 777 2964 solis
800 2899 1024 2988 reflectuntur
1044 2901 1104 2984 ita,

103 3093 313 3104 ———-—..

103 3200 146 3268 1⁰)
172 3199 249 3267 Quae
265 3197 361 3252 neseio
383 3207 523 3272 quantum
546 3198 660 3272 sapiant
683 3211 825 3260 auctorem
844 3202 912 3257 libri
932 3202 1104 3273 demando,

168 3285 243 3356 apud
262 3301 347 3370 φῦσαι
369 3281 445 3354 (ml.
465 3293 564 3358 p.395,
582 3288 613 3356 a)
631 3287 708 3342 haeo
726 3292 873 3364 leguntur:
904 3285 973 3358 'Ipse
989 3294 1041 3360 μὲν
1059 3286 1106 3346 οὖν

166 3372 225 3428 ἒςιν
241 3371 355 3442 ἔμφασις
373 3366 448 3438 ἤλιάν
467 3367 607 3441 τμήματος
624 3367 641 3440 ἢ
658 3372 766 3443 σελήνης
785 3375 813 3428 ἐν
831 3381 905 3446 νὲφει
935 3384 1035 3449 νατέρῳ
1060 3383 1105 3434 καὶ

168 3455 253 3524 ναιλῷ
271 3466 315 3512 καὶ
333 3460 438 3525 συνεχεῖ
460 3458 528 3528 πρὸς
545 3463 705 3530 φαντασίαν,
725 3458 760 3516 eis
777 3463 806 3517 ἐν
823 3461 966 3533 κατόπτρῳ
978 3459 1105 3534 ocupav-

166 3547 235 3613 piun
251 3543 320 3600 κατὰ
337 3544 432 3600 κύκλον
449 3551 633 3617 περιφέρειαν.

103 3669 146 3739 11)
170 3667 211 3721 Εἴ
229 3683 272 3721 τις
296 3666 341 3724 trit
365 3665 476 3743 αἷντικρύ
501 3664 550 3722 tori
565 3665 640 3737 tillon
659 3661 815 3744 leant-“top
831 3667 881 3727 'nat
899 3670 1000 3746 πτὺαῃ,
1024 3671 1057 3729 αἱ
1073 3673 1102 3729 tt

169 3750 275 3825 ῥανίδας
293 3750 438 3811 αἰναὶκλααιν
463 3754 533 3826 otpolt
556 3754 607 3810 τόν
629 3749 705 3822 ἥλιον
730 3754 864 3828 λάβωσιν,
890 3754 992 3830 arietinae
1015 3751 1105 3832 ἐἶςγι-

166 3845 280 3912 νομένην
303 3840 354 3914 τήν
377 3842 443 3914 ἶριν.
478 3847 533 3896 Καὶ
557 3840 587 3896 αἱ
605 3838 814 3913 ὀφθαλμιῶντες
832 3842 862 3898 δὲ
883 3844 962 3899 ταῦτα
986 3843 1104 3916 melopoe-

167 3950 218 3994 αιν,
231 3921 304 3982 ’ὅταν
321 3923 360 3984 εἰς
377 3924 426 3984 τὸν
443 3923 550 3996 λῦχνιον
567 3925 767 4003 αἷναβλέφωριν.
802 3933 899 4004 Eclog.
915 3932 999 4005 phys.
1018 3935 1102 3990 Tom-

167 4017 307 4090 l.p.616.
695 4031 699 4036 '
777 4041 779 4048 ·
