2850 4730
299 291 343 364 64
540 286 605 356 De
627 282 813 376 siugulis
837 291 1064 352 ventorum

299 467 447 558 Quetnor
474 477 579 532 autem
608 475 719 532 ventos
744 459 810 529 iem
836 457 984 551 coguovit
1006 459 1184 547 Homerus,
1226 425 1311 558 quos.

300 571 483 640 coniunctos
506 566 626 662 profert
647 563 734 634 hisce
755 562 898 633 versibus
910 565 955 644 ⁴):

341 671 411 746 Σῠν
432 670 462 746 δ’
483 667 600 770 Εὖρός
620 699 656 743 τε
670 667 785 749 Νότος
804 696 842 740 re
862 670 976 756 πνέον,
998 668 1158 768 Ζεφυρός
1171 700 1206 744 te
1222 679 1305 748 δυσ·
1410 683 1411 762 ζ

371 823 375 830 -
996 771 1096 872 absh

341 887 413 956 Kal
433 883 569 978 Βορέας
589 875 838 977 αἰθρηγενέτης
858 879 948 968 μέγα
969 877 1064 966 κῦμα
1085 885 1258 966 mutter,

300 1013 394 1082 quem
421 987 610 1080 posteriores
639 982 752 1052 imitati
784 1000 856 1052 sunt
866 986 910 1066 ⁶),
936 980 1032 1050 veluti
1053 984 1095 1054 M
1103 989 1305 1066 usaeus'):

456 1131 499 1146 -
522 1129 565 1145 -
587 1081 735 1186 Ζεφύρῳ
757 1084 787 1160 δ’
809 1085 990 1158 &recitem
1011 1082 1135 1184 Εὖρος,

342 1197 415 1266 Kal
447 1190 565 1274 Notos
586 1194 622 1271 ἐς
643 1191 783 1288 Βορέην
803 1185 959 1283 μεγαλοῖς
980 1188 1128 1290 &perpure
1148 1185 1302 1272 α’ἰιειλᾶς.

297 1297 380 1367 Aliis
403 1297 497 1366 etiem
518 1297 552 1368 iu
574 1297 652 1368 locis
674 1310 785 1365 ventos
807 1294 880 1366 illos
903 1311 1126 1364 commemorat
1145 1295 1180 1363 H
1187 1319 1300 1366 ome-

297 1499 508 1516 μ

366 1626 483 1684 ceeoiae
500 1621 601 1682 Austri
618 1635 725 1678 nomen
742 1615 866 1686 additur,
884 1635 975 1692 quum
985 1617 1083 1674 latiore
1093 1615 1304 1692 significatione

367 1712 553 1787 expressione
571 1707 738 1766 australium
756 1714 908 1764 ventorum
926 1704 1068 1762 abutatur.
1104 1709 1180 1776 Quot
1197 1725 1234 1761 ex
1252 1707 1304 1762 tali

365 1799 513 1857 brevitatis
535 1797 631 1853 studio
656 1804 755 1849 enatae
777 1793 835 1850 sint
851 1791 1047 1859 confusiones,
1071 1793 1303 1850 luculentissimo

364 1886 499 1956 exemplo
516 1881 604 1952 infra,
618 1879 671 1934 ubi
688 1880 724 1936 de
734 1879 872 1952 Zephyro
889 1878 981 1934 acturi
998 1896 1105 1948 sumus,
1124 1879 1304 1939 demonstra-

364 1969 471 2025 bimus.

312 2094 344 2165 It)
372 2094 475 2166 Odyss.
494 2087 526 2159 a',
545 2095 597 2154 295
615 2106 658 2164 sq.

313 2222 343 2290 5)
367 2215 495 2274 Strabo
513 2215 550 2286 (1.
568 2231 598 2287 p.
609 2215 657 2284 26)
679 2213 727 2282 ait,
738 2215 915 2288 Zephyrum,
937 2233 1025 2293 quem
1042 2218 1217 2273 Homerus
1235 2213 1301 2272 elvo-
1412 2265 1413 2278 ,

258 2315 262 2324 “
287 2331 290 2335 ’
364 2303 403 2374 uui
419 2311 563 2369 vocasset,
586 2301 701 2376 proprie
720 2319 780 2358 esse
793 2303 940 2378 Argesten.
967 2304 1067 2359 Aliam
1078 2303 1303 2376 explicationem
1412 2321 1413 2364 t

364 2389 594 2463 huiusepitheti
616 2389 724 2462 profert
748 2392 1023 2464 Theophrastus
1047 2393 1082 2446 ute
1103 2397 1193 2448 emtis
1217 2397 1243 2462 §.
1257 2403 1301 2465 38,

362 2498 393 2552 p.
405 2483 466 2540 772.
502 2480 528 2532 Is
547 2477 624 2532 euim
639 2478 810 2546 Favonium,
829 2479 882 2535 etsi
901 2478 1031 2533 omnium
1046 2487 1199 2534 ventorum
1212 2480 1303 2536 lenis-

363 2566 478 2635 simum,
501 2563 552 2640 qui
573 2582 690 2636 vespere
708 2575 736 2620 et
754 2583 852 2623 versus
870 2576 976 2622 terrem
993 2575 1022 2620 et
1038 2582 1106 2621 rere
1123 2576 1152 2620 et
1169 2577 1302 2621 auctum·

362 2672 402 2710 no
428 2651 495 2707 flare
517 2652 620 2720 soleat,
645 2654 794 2708 nonnullis
817 2661 911 2707 tanuen
935 2652 967 2707 in
986 2652 1059 2708 locis
1082 2651 1203 2709 hiberno
1221 2671 1301 2708 more
1412 2671 1413 2694 l

363 2740 496 2798 incedere
512 2739 591 2796 dioit.
626 2740 720 2796 Etiam
738 2739 967 2796 scholiastes
990 2743 1085 2795 Hom.
1107 2741 1140 2792 11.
1165 2735 1210 2807 ψ’,
1235 2747 1300 2797 200.

362 2827 592 2902 (Villoison.)
619 2837 826 2884 oomrnentetur
851 2825 1026 2883 vocabulum
1056 2814 1152 2894 δυσάής
1174 2835 1203 2882 et
1223 2837 1301 2884 reote
1412 2861 1413 2866 κ

364 2915 505 2980 observat,
528 2916 685 2970 Homerum
705 2915 741 2970 de
763 2915 899 2988 Zephyro
921 2913 1041 2968 hiemali
1068 2911 1221 2988 cogitasse,
1244 2932 1302 2990 qua

361 2999 430 3054 anni
460 3007 629 3068 tempestate
657 3000 709 3054 itte
731 3011 836 3058 ventus
866 3018 1002 3057 amoenus
1025 3017 1171 3056 essenon
1198 3003 1301 3073 potnit.
1412 3015 1413 3044 t

363 3086 480 3152 Coray
497 3085 646 3150 (Discoure
663 3087 803 3156 prelimin.
822 3084 1030 3162 p.LXXV111)
1048 3085 1163 3143 veritati
1183 3088 1303 3161 propius

362 3170 495 3228 aooedere
513 3178 595 3241 putat
612 3169 701 3224 illam'
711 3172 890 3243 opinionem,
915 3195 952 3230 ex
972 3190 1029 3248 qua
1045 3175 1221 3229 Homerus
1240 3175 1299 3228 Ze-

286 3305 288 3312 ,
360 3259 487 3332 phyrum
505 3273 572 3311 oum
589 3260 682 3313 ventis
699 3260 918 3330 collateralibus,
929 3261 1029 3316 Africo
1038 3271 1067 3317 et
1078 3263 1206 3334 Argeste,
1224 3274 1299 3314 oon-

362 3343 483 3410 luderit,
511 3343 624 3418 quoties
648 3343 683 3400 de
707 3344 868 3418 impetuoso
885 3349 1020 3420 Zephyro
1037 3351 1178 3422 loquatur.
1216 3346 1300 3418 Quae

243 3439 249 3452 “
361 3429 492 3490 conlusio
518 3431 572 3488 vix
595 3431 699 3514 evitari·
720 3442 843 3504 poteret,
868 3453 935 3493 oum
952 3445 1072 3511 quatuor
1089 3441 1201 3489 tantum
1219 3433 1300 3493 renti

361 3528 456 3578 essent
472 3517 592 3593 singulis
610 3517 777 3574 nominibus
792 3520 928 3580 distincti.

312 3648 342 3714 6)
367 3641 471 3700 ovid.
489 3648 609 3697 Metam.
619 3644 641 3709 1,
660 3645 694 3704 61
705 3645 773 3704 -66.
794 3647 876 3702 Trist
886 3649 908 3715 1,
924 3651 1037 3710 27-30.
1055 3645 1179 3704 Manil.
1196 3651 1298 3702 Astro-

361 3729 497 3793 nom.1V,
517 3735 579 3790 591.
597 3745 659 3804 sqq.
1412 3736 1413 3750 ¹

319 3851 349 3920 l)
372 3854 434 3908 Vrs.
444 3850 506 3909 ³16.
526 3866 569 3922 sq.
