2824 4746
465 315 787 400 mutationibus.
1063 331 1126 404 ott

113 507 154 575 in
184 499 248 578 illis
278 506 377 576 fuisse
398 505 598 598 regionibus,
625 530 664 575 ae
690 504 785 595 vulgo
813 503 1004 596 perbihetur.
1051 507 1126 596 Quo
1239 591 1243 598 ι

116 611 209 680 enim
238 635 316 706 prae
339 612 472 681 caeteris
494 609 539 704 uti
563 609 666 678 solent
687 609 808 704 physici
830 625 1031 700 argumento,
1061 627 1127 704 turn

117 716 275 810 temporis
305 733 336 786 et
364 716 569 786 Cimmerium
597 719 773 809 Bosporum
798 730 830 782 et
856 712 996 782 Pontum
1027 713 1125 783 Euxi-

115 845 199 888 num
225 817 325 890 fuisse
347 821 560 914 congelatum,
590 820 624 889 id
649 821 765 888 nullius
788 819 934 914 ponderis
956 845 1027 889 esse
1049 820 1125 889 inde

116 940 224 1020 putet,
254 925 338 1019 quod
370 925 463 993 etiam
492 941 603 993 nostra
633 940 734 992 aetate
765 924 848 992 idem
879 925 932 993 fiat
954 941 985 993 et
1010 923 1127 994 iactum

9 1097 10 1104 χ
117 1027 229 1108 sit⁹⁴).
282 1023 395 1122 Neque
433 1029 568 1123 antiquis
603 1029 795 1121 temporibus
828 1029 863 1097 id
897 1030 1007 1123 quovis
1042 1053 1126 1098 anno

9 1193 11 1226 ;
117 1131 253 1216 accidit,
287 1132 384 1201 immo
414 1159 479 1202 non
505 1133 566 1202 nisi
591 1133 767 1218 rarissime,
802 1135 888 1227 quod
915 1136 1061 1207 coniicias
1088 1162 1125 1204 ex
1238 1129 1245 1136 ’

117 1236 226 1304 verbis
250 1235 375 1307 Tauri
401 1236 583 1334 philosophi
614 1238 698 1330 apud
727 1237 979 1320 Gellium⁹')r
1014 1242 1122 1308 Prac-

116 1350 219 1408 tereo
241 1341 280 1409 id
297 1366 429 1435 quoque
452 1343 503 1410 att
522 1342 645 1434 quaeri
663 1341 817 1432 dignum:
855 1368 930 1410 cum
942 1344 1126 1434 fluviorum

8 1491 10 1514 .
118 1455 159 1512 et
169 1447 327 1538 sontium
359 1471 470 1540 aquae
495 1447 574 1540 gelu
605 1446 788 1515 durentur:
825 1471 922 1515 mare
950 1459 1048 1515 omne
1078 1449 1125 1517 in-

8 1559 9 1574 *
116 1550 330 1641 congelabile
344 1550 415 1620 sit?
430 1551 570 1620 tametsi
576 1549 786 1633 Herodotus,
796 1550 955 1622 historiae
967 1552 1125 1640 scriptor,

7 1713 8 1732 ,
114 1664 240 1722 contro
256 1658 403 1724 omnium
412 1658 537 1749 ferme,
572 1656 632 1747 qui
656 1655 742 1722 haec
769 1658 1018 1747 quaesiverunt,
1051 1659 1122 1746 cpi·
1185 1687 1192 1698 ·

7 1781 8 1784 ’
115 1758 254 1826 monem
280 1761 407 1844 scribit,
434 1784 531 1828 mare
556 1758 775 1848 Bosporium,
802 1760 896 1851 quod
919 1771 953 1826 et
982 1761 1124 1830 Cimme-

7 1861 8 1922 Ῠ
113 1861 208 1930 rium
237 1865 451 1954 appellatur,
487 1887 670 1955 carumque
699 1862 853 1951 portium
883 1890 981 1934 marc
1014 1891 1122 1954 omne,

114 1966 217 2060 quod
226 1967 419 2060 Scythicum
434 1968 564 2053 dicitur,
585 1968 663 2061 gelu
678 1967 804 2059 stringi
816 1978 850 2036 et
865 1972 1055 2039 consistere
1065 1972 1121 2055 ⁹⁰).

6 2217 8 2286 i
112 2250 164 2324 94)
188 2201 409 2312 Pallasinetse
419 2259 448 2312 in
463 2256 510 2311 die
521 2255 669 2314 sidliciren
680 2255 971 2328 Stcttiraltersciroften
991 2261 1040 2316 des
1057 2283 1122 2318 rur-

5 2345 6 2372 r

5 2399 6 2416 ,
186 2343 296 2398 siscien
312 2345 423 2398 netem.
441 2325 511 2399 Vols
518 2345 550 2394 11.
570 2360 599 2413 p.
610 2341 671 2400 2821.

5 2423 6 2508 ᾗ
113 2450 165 2516 95)
189 2451 285 2504 rone
301 2451 388 2504 Aue.
406 2449 499 2515 xvn,
519 2454 543 2504 s.
563 2465 592 2518 p.
604 2447 665 2508 766.

5 2551 6 2578 ¹
113 2553 166 2623 96>
192 2554 491 2610 conserendus-otiam
516 2561 558 2606 est
581 2554 662 2606 locus
682 2552 863 2608 Macrobii
883 2556 979 2625 plures
997 2555 1034 2611 ob
1052 2575 1120 2614 oau—
1149 2555 1152 2562 ’

186 2659 229 2696 ses
248 2641 440 2696 memorabilis
458 2639 675 2704 SaturneI.V11,
696 2644 738 2694 12.
758 2636 857 2710 ptos,
877 2659 962 2714 quem
981 2642 1121 2718 integrum

185 2727 326 2784 adscribo.
346 2728 476 2796 (Initium
487 2736 536 2780 eut
547 2743 584 2779 ex
598 2724 729 2792 Gellio,
738 2736 785 2780 eut
800 2729 958 2794 exendum,
973 2748 1031 2804 quo
1043 2735 1121 2786 Get.

185 2813 260 2872 lius
281 2833 363 2881 usus,
385 2816 463 2870 fonte
487 2815 621 2868 haustum
645 2819 711 2883 est.)
745 2813 796 2869 Ait
813 2815 905 2870 enirn:
934 2818 1014 2883 Quod
1031 2825 1125 2874 Hero-

186 2903 268 2960 dotus
279 2905 458 2957 historiarum
475 2903 593 2971 scriptor
611 2909 710 2954 contro
728 2904 851 2956 omnium
863 2901 965 2974 jer-me,
984 2907 1033 2975 qui
1050 2907 1121 2961 hoec
1172 2963 1193 2976 Η

186 2994 388 3065 quaesiverunt,
406 2975 561 3062 opinionem
576 2989 698 3058 scripsit,
712 3007 791 3043 mure
802 2993 994 3062 Bosporicum,
1008 2996 1081 3063 qood
1095 3005 1121 3048 et

181 3082 363 3134 Cimmerium
376 3079 529 3150 appeliant,
542 3093 692 3148 earumque
703 3080 829 3147 partium
846 3095 926 3132 more
938 3095 1027 3145 omne,
1041 3081 1119 3152 ¹quod

185 3168 349 3242 Scythicum
365 3165 476 3231 dicitur,
495 3165 527 3223 id
535 3166 601 3238 gelu
611 3167 767 3236 constringi
776 3182 812 3220 uc
825 3167 1120 3231 consurrecturos

185 3271 271 3326 quem
286 3263 414 3324 putatur.
449 3257 524 3308 Nam
550 3272 606 3308 non
625 3253 739 3306 morino
757 3269 834 3324 unua
853 3254 1039 3322 contrahitur,
1069 3257 1120 3311 sed

158 3337 161 3346 ’
185 3347 252 3415 qrcia
272 3343 426 3414 plurimum
451 3343 481 3394 in
504 3341 561 3395 iilis
578 3339 738 3414 regionibus
750 3342 906 3410 fluviorum
923 3351 964 3396 eet
982 3359 1019 3396 ac
1032 3344 1121 3412 polu*

185 3431 254 3484 dum
273 3431 304 3482 in
321 3431 385 3501 ipse
397 3430 490 3482 maria
500 3427 686 3496 influentium,
704 3425 865 3500 superficies
877 3431 974 3494 meris,
994 3431 1043 3482 cut
1055 3429 1120 3484 dul-

183 3535 230 3573 ces
247 3533 339 3589 cquoe
355 3517 495 3582 innatant,
516 3518 697 3590 congelascit:
716 3526 741 3569 et
758 3517 894 3570 incolumi
911 3532 987 3585 uque
1005 3520 1120 3570 murina

183 3604 294 3659 videtur
306 3605 336 3655 in
350 3604 424 3655 mori
440 3604 515 3675 gelu,
533 3605 583 3660 sed
601 3606 636 3660 dc
654 3603 774 3659 aduenis
792 3603 878 3658 undis
893 3611 1032 3656 coactum.
1058 3609 1120 3659 Hoc

184 3694 256 3744 etin
276 3697 361 3744 Ponto
374 3688 444 3755 fieri
461 3692 603 3758 videmus,
627 3695 658 3746 in
676 3709 729 3763 quo
738 3691 839 3762 frusto
858 3691 997 3762 qrmedum
1022 3701 1061 3757 et,
1089 3702 1120 3745 ut

183 3780 224 3831 ita
242 3778 375 3845 dixerim,
393 3781 534 3848 prosicias
553 3779 666 3852 gelidae
677 3779 811 3850 seruntur
830 3785 991 3832 contractae
1009 3776 1045 3831 de
1059 3779 1120 3847 flu-

182 3868 301 3920 vialium
325 3866 371 3920 cet
392 3867 565 3938 palustrium
588 3867 732 3922 undarum
756 3866 997 3921 mulitudine-
1022 3866 1119 3918 Pluri-

185 3971 262 4006 mum
287 3961 380 4006 autem
405 3972 545 4026 aquenum
564 3957 664 4009 talimn
681 3953 799 4022 influere
815 3961 902 4008 Ponto
921 3961 947 4005 et
963 3961 1051 4006 totam
1069 3971 1120 4006 su-

109 4045 116 4056 ’
182 4039 325 4110 perficiem
344 4044 401 4096 eius
413 4042 551 4116 injectam
566 4059 625 4098 esse
642 4039 720 4098 dulci
737 4043 844 4114 liquore
860 4051 970 4114 praeter
987 4043 1062 4114 quod
1079 4043 1120 4095 uit
