2850 4730
341 309 457 398 opud
477 317 638 376 ueteres
659 307 906 433 nominibus<
1090 316 1132 384 ⁶5

119 507 207 570 rus,
234 499 269 554 nt
296 510 399 584 neque
428 487 608 586 pauciores,
634 509 736 581 neque
765 483 874 583 plures
902 511 972 556 eum
1001 489 1129 562 novisse

120 581 280 686 intelligas
290 593 328 673 ⁸).
371 591 422 660 lta
445 591 538 678 cit⁹):
843 595 846 602 '

163 729 289 827 Adrou
308 727 375 820 ἐγώ
395 728 571 828 Ζεφύροιο
593 733 653 800 καὶ
675 729 825 827 ἀργέςαο
851 726 986 802 Νότοιο

163 840 318 923 Εἴσομαι
339 837 374 919 ἕξ
396 832 530 906 ἁλόθεν
551 832 706 932 χαλεπήν
728 832 881 932 ὁρέουσα
904 833 1070 927 θύελλαν,

119 939 185 1024 ubi,
218 938 272 1031 qui
294 935 444 1035 ἅργέςης
471 937 591 1018 Νότος
615 953 751 1025 vocatur,
774 964 840 1008 non
866 955 916 1008 est
945 957 1058 1010 ventus
1087 945 1128 1014 ab

119 1059 227 1114 austro
251 1041 404 1129 diversus,
428 1042 692 1138 quemadmodum
723 1042 927 1128 strah0¹⁰)
957 1046 1128 1135 contendit,
1184 1100 1186 1110 .

118 1149 173 1243 qui
187 1147 284 1216 salsus
300 1156 356 1233 est,
380 1173 450 1218 cum
465 1148 558 1234 dicat,
581 1147 668 1243 apud
682 1146 861 1216 Homerum
875 1143 1048 1245 Ἀργέςην
1062 1153 1129 1248 spi·

116 1277 189 1326 rare
223 1249 291 1323 cino*
313 1251 453 1344 δασμῶν
474 1251 679 1349 χειμερινῶν
686 1281 700 1346 ,·
732 1251 789 1320 sed
807 1251 891 1320 idem
913 1268 962 1320 est
988 1252 1043 1324 ille
1073 1278 1127 1336 aur

118 1373 202 1442 ster,
232 1381 325 1450 quem
348 1358 492 1426 album
520 1359 674 1427 Notum
699 1355 823 1425 vocavit
849 1354 1050 1431 Horatius
1070 1361 1127 1452 ¹¹).

114 1463 273 1533 Eiusdem
308 1462 421 1533 iterum
448 1463 643 1532 mentionem
669 1459 747 1530 facit
775 1458 967 1530 Homerus
994 1461 1029 1532 in
1054 1489 1128 1561 ver-

116 1569 245 1655 meu

160 1746 205 1761 -
228 1744 273 1760 -·-
294 1701 340 1784 oie
361 1701 461 1776 ὁπότε
484 1705 629 1800 ζέφυρος
650 1703 759 1798 νέφεα
780 1704 943 1798 ςαφελίξῃ

157 1809 335 1907 Ἀργέςαο
356 1807 473 1880 νότοιο
495 1809 630 1899 βαθείῃ
652 1809 795 1874 λαίλαπι
816 1801 971 1898 crimme

115 1933 148 1987 et
170 1915 281 1984 eodem
303 1913 371 1981 iure
394 1911 606 1980 Hesiodus
621 1911 664 1988 ¹⁸)
687 1905 839 2003 αργέςην
860 1925 952 1978 vocat
973 1913 1130 2012 ζέφυρον,

114 2021 238 2091 Boreas
254 2033 284 2086 et
300 2016 476 2112 Zephyrus,
499 2030 629 2108 uterque
645 2036 664 2081 a
681 2012 822 2083 Thracia
834 2013 972 2108 spiram,
989 2044 1126 2096 comme.

115 2139 279 2196 morantur
300 2123 394 2192 etiam
416 2119 690 2204 in'versibus¹⁴):
1035 2142 1039 2149 ·

135 2425 169 2498 8)
192 2423 275 2496 Quod
292 2427 545 2481 Beckmanuus
562 2431 659 2478 monet
684 2425 794 2494 (Beier.
813 2440 867 2479 zur
887 2427 984 2482 Geech.
1004 2425 1054 2481 der
1071 2433 1127 2484 nu-

185 2510 355 2586 findungen.
373 2515 442 2568 Vol.
456 2514 506 2566 lv.
531 2529 560 2583 p.
578 2508 659 2580 ssi),
686 2527 780 2584 neque
805 2510 990 2568 recentiorem
1014 2515 1128 2585 poetam

186 2598 259 2656 elios
271 2608 371 2656 ventos
382 2598 432 2654 teli
450 2596 656 2654 sententiarum
673 2613 762 2667 nexu,
777 2607 805 2652 et
824 2599 952 2676 omnino,
971 2599 1027 2654 nisi
1045 2617 1128 2671 pror-

146 2673 149 2677 *
188 2703 238 2744 sus
256 2686 403 2763 inelegans
420 2687 514 2745 videri
532 2682 685 2750 voluisset,
710 2682 743 2736 in
766 2684 891 2739 carmine
909 2701 1057 2740 recensere
1075 2705 1129 2758 po-

88 2809 91 2815 ·
186 2771 284 2840 tuisse,
305 2774 382 2848 quod
402 2774 529 2848 aliquam
549 2771 612 2828 veri
630 2769 755 2841 speciem
773 2785 843 2839 pree
860 2786 891 2824 se
907 2769 982 2824 ferre
999 2787 1059 2824 non
1077 2790 1132 2828 ne-

117 2847 125 2859 ⁸
188 2859 325 2930 gaverim,
342 2877 403 2914 non
420 2869 517 2912 temen
534 2857 566 2910 in
583 2858 662 2910 hunc
679 2852 798 2907 Homeri
813 2857 911 2909 locum
922 2855 1060 2929 quadrare
1071 2877 1131 2933 pu·
1163 2882 1169 2896 ·

191 2952 231 2998 to.
249 2989 253 2998 ,
268 2946 367 3015 Longe
389 2943 468 2997 enim
493 2942 693 3022 discuteres
710 2938 813 2995 hebuit
831 2940 910 3009 olim,
930 2958 997 2998 cum
1015 2945 1128 3020 singule

189 3029 317 3098 nomine,
337 3047 428 3103 eaque
447 3025 598 3101 simplicia,
616 3027 698 3084 renti
710 3037 767 3084 tam
779 3027 945 3098 cardinales,
965 3049 1052 3105 quam
1063 3037 1128 3090 col-

188 3120 318 3180 laterales
336 3113 487 3185 haberent,
513 3132 600 3190 quem
618 3130 711 3181 nnnc,
736 3115 788 3170 ubi
806 3116 1008 3188 posteriorum,
1035 3123 1128 3177 coila-

189 3204 291 3260 cereles
310 3201 385 3269 dico,
404 3220 441 3257 ex
458 3202 586 3274 priorum
603 3201 797 3258 consarcinato
815 3202 874 3259 siut
891 3204 1018 3261 nomina.
1056 3209 1128 3265 Octo

187 3300 291 3350 ventos
310 3289 341 3344 iu
360 3288 484 3343 carmine
501 3307 644 3348 recensere
662 3305 749 3346 ausus
769 3299 821 3358 ess,
839 3307 926 3365 quem
937 3310 1007 3349 mox
1020 3295 1127 3353 iterum

188 3374 380 3442 laudabimus,
400 3375 537 3431 Seneca
553 3377 699 3451 Tragicos.
736 3381 941 3448 Agamannon.
959 3398 989 3444 v.
1000 3377 1063 3447 ⁴69.

135 3486 169 3556 9)
192 3485 227 3538 ΙΙ.
247 3481 283 3554 φ’,
303 3480 364 3542 334.

120 3592 311 3662 fflme

118 3701 165 3770 11)
189 3695 262 3753 oud.
274 3697 296 3764 1,
315 3698 342 3763 7,
363 3704 406 3754 15.

119 3789 168 3874 α)
185 3803 219 3858 11.
239 3801 272 3869 r,
294 3806 355 3860 sos.¹

120 3910 167 3982 13)
195 3909 334 3982 Theogen.
345 3912 406 3972 ³79·
425 3911 486 3972 870.

122 4013 168 4087 ri)
192 4017 226 4073 ιι.
245 4012 272 4083 ι’,
292 4022 318 4072 s.
