<?xml version="1.0" encoding="UTF-8"?>
<!DOCTYPE html PUBLIC "-//W3C//DTD XHTML 1.0 Transitional//EN"
    "http://www.w3.org/TR/xhtml1/DTD/xhtml1-transitional.dtd">
<html xmlns="http://www.w3.org/1999/xhtml" xml:lang="en" lang="en">
 <head>
  <title>
</title>
<meta http-equiv="Content-Type" content="text/html;charset=utf-8" />
  <meta name='ocr-system' content='tesseract 3.04.00' />
  <meta name='ocr-capabilities' content='ocr_page ocr_carea ocr_par ocr_line ocrx_word'/>
</head>
<body>
  <div class='ocr_page' id='page_1' title='image "./meteorologiavet02idelgoog_0018.png"; bbox 0 0 2846 4734; ppageno 0'>
   <div class='ocr_carea' id='block_1_1' title="bbox 419 782 897 890">
    <p class='ocr_par' dir='ltr' id='par_1_1' title="bbox 419 782 897 890">
     <span class='ocr_line' id='line_1_1' title="bbox 419 782 897 890; baseline -0.002 -2"><span class='ocrx_word' id='word_1_1' title='bbox 419 799 787 890; x_wconf 74' lang='lat' dir='ltr'><strong>introductio.</strong></span> <span class='ocrx_word' id='word_1_2' title='bbox 895 782 897 794; x_wconf 58' lang='grc'><em>’</em></span> 
     </span>
    </p>
   </div>
   <div class='ocr_carea' id='block_1_2' title="bbox 523 994 682 1015">
    <p class='ocr_par' dir='ltr' id='par_1_2' title="bbox 523 994 682 1015">
     <span class='ocr_line' id='line_1_2' title="bbox 523 994 682 1015; baseline -0.006 -7"><span class='ocrx_word' id='word_1_3' title='bbox 523 994 682 1015; x_wconf 57' lang='lat' dir='ltr'><strong>un—-uq</strong></span> 
     </span>
    </p>
   </div>
   <div class='ocr_carea' id='block_1_3' title="bbox 10 1080 1189 3856">
    <p class='ocr_par' dir='ltr' id='par_1_3' title="bbox 10 1080 1128 3228">
     <span class='ocr_line' id='line_1_3' title="bbox 98 1080 1106 1246; baseline 0.013 -34"><span class='ocrx_word' id='word_1_4' title='bbox 98 1080 352 1246; x_wconf 82' lang='lat' dir='ltr'><strong>Saepenumero</strong></span> <span class='ocrx_word' id='word_1_5' title='bbox 374 1173 395 1218; x_wconf 91' lang='lat' dir='ltr'><strong>a</strong></span> <span class='ocrx_word' id='word_1_6' title='bbox 417 1148 555 1245; x_wconf 81' lang='lat' dir='ltr'><strong>physicis</strong></span> <span class='ocrx_word' id='word_1_7' title='bbox 577 1151 753 1246; x_wconf 87' lang='lat' dir='ltr'><strong>quaesitum</strong></span> <span class='ocrx_word' id='word_1_8' title='bbox 775 1165 840 1237; x_wconf 89' lang='lat' dir='ltr'><strong>est,</strong></span> <span class='ocrx_word' id='word_1_9' title='bbox 868 1149 945 1246; x_wconf 88' lang='lat' dir='ltr'><strong>qnid</strong></span> <span class='ocrx_word' id='word_1_10' title='bbox 976 1151 1106 1224; x_wconf 87' lang='lat' dir='ltr'><strong>tandem</strong></span> 
     </span>
     <span class='ocr_line' id='line_1_4' title="bbox 95 1253 1106 1351; baseline 0.002 -27"><span class='ocrx_word' id='word_1_11' title='bbox 95 1253 197 1348; x_wconf 86' lang='lat' dir='ltr'><strong>frugis</strong></span> <span class='ocrx_word' id='word_1_12' title='bbox 220 1280 258 1324; x_wconf 84' lang='lat' dir='ltr'><strong>ex</strong></span> <span class='ocrx_word' id='word_1_13' title='bbox 281 1254 435 1324; x_wconf 88' lang='lat' dir='ltr'><strong>eiusmodi</strong></span> <span class='ocrx_word' id='word_1_14' title='bbox 457 1255 732 1326; x_wconf 79' lang='lat' dir='ltr'><strong>dissertationibus</strong></span> <span class='ocrx_word' id='word_1_15' title='bbox 761 1255 873 1326; x_wconf 89' lang='lat' dir='ltr'><strong>litteris</strong></span> <span class='ocrx_word' id='word_1_16' title='bbox 904 1255 978 1324; x_wconf 90' lang='lat' dir='ltr'><strong>oriri</strong></span> <span class='ocrx_word' id='word_1_17' title='bbox 1002 1273 1106 1351; x_wconf 86' lang='lat' dir='ltr'><strong>queat,</strong></span> 
     </span>
     <span class='ocr_line' id='line_1_5' title="bbox 98 1359 1107 1456; baseline 0.004 -28"><span class='ocrx_word' id='word_1_18' title='bbox 98 1384 179 1454; x_wconf 89' lang='lat' dir='ltr'><strong>quac</strong></span> <span class='ocrx_word' id='word_1_19' title='bbox 202 1359 237 1428; x_wconf 91' lang='lat' dir='ltr'><strong>in</strong></span> <span class='ocrx_word' id='word_1_20' title='bbox 256 1359 454 1429; x_wconf 81' lang='lat' dir='ltr'><strong>recensendis</strong></span> <span class='ocrx_word' id='word_1_21' title='bbox 477 1376 616 1428; x_wconf 87' lang='lat' dir='ltr'><strong>veterum</strong></span> <span class='ocrx_word' id='word_1_22' title='bbox 639 1376 671 1430; x_wconf 90' lang='lat' dir='ltr'><strong>ct</strong></span> <span class='ocrx_word' id='word_1_23' title='bbox 692 1361 903 1431; x_wconf 85' lang='lat' dir='ltr'><strong>recentiorum</strong></span> <span class='ocrx_word' id='word_1_24' title='bbox 923 1359 1047 1456; x_wconf 90' lang='lat' dir='ltr'><strong>placitis</strong></span> <span class='ocrx_word' id='word_1_25' title='bbox 1067 1361 1107 1432; x_wconf 79' lang='lat' dir='ltr'><strong>de</strong></span> 
     </span>
     <span class='ocr_line' id='line_1_6' title="bbox 95 1464 1108 1559; baseline 0 -25"><span class='ocrx_word' id='word_1_26' title='bbox 95 1465 192 1534; x_wconf 91' lang='lat' dir='ltr'><strong>rebus</strong></span> <span class='ocrx_word' id='word_1_27' title='bbox 214 1489 298 1532; x_wconf 90' lang='lat' dir='ltr'><strong>nunc</strong></span> <span class='ocrx_word' id='word_1_28' title='bbox 318 1464 431 1534; x_wconf 90' lang='lat' dir='ltr'><strong>melius</strong></span> <span class='ocrx_word' id='word_1_29' title='bbox 455 1465 605 1558; x_wconf 82' lang='lat' dir='ltr'><strong>cognitis,</strong></span> <span class='ocrx_word' id='word_1_30' title='bbox 636 1464 746 1534; x_wconf 90' lang='lat' dir='ltr'><strong>melios</strong></span> <span class='ocrx_word' id='word_1_31' title='bbox 769 1465 931 1559; x_wconf 79' lang='lat' dir='ltr'><strong>explicatis</strong></span> <span class='ocrx_word' id='word_1_32' title='bbox 961 1480 992 1534; x_wconf 92' lang='lat' dir='ltr'><strong>et</strong></span> <span class='ocrx_word' id='word_1_33' title='bbox 1019 1480 1108 1534; x_wconf 81' lang='lat' dir='ltr'><strong>extra</strong></span> 
     </span>
     <span class='ocr_line' id='line_1_7' title="bbox 98 1567 1107 1662; baseline 0.001 -26"><span class='ocrx_word' id='word_1_34' title='bbox 98 1593 226 1636; x_wconf 89' lang='lat' dir='ltr'><strong>omnem</strong></span> <span class='ocrx_word' id='word_1_35' title='bbox 250 1567 475 1637; x_wconf 85' lang='lat' dir='ltr'><strong>dubitationem</strong></span> <span class='ocrx_word' id='word_1_36' title='bbox 498 1571 610 1662; x_wconf 87' lang='lat' dir='ltr'><strong>positis</strong></span> <span class='ocrx_word' id='word_1_37' title='bbox 634 1585 810 1638; x_wconf 86' lang='lat' dir='ltr'><strong>versantur.</strong></span> <span class='ocrx_word' id='word_1_38' title='bbox 858 1567 986 1659; x_wconf 84' lang='lat' dir='ltr'><strong>Quibus</strong></span> <span class='ocrx_word' id='word_1_39' title='bbox 1010 1569 1039 1638; x_wconf 89' lang='lat' dir='ltr'><strong>si</strong></span> <span class='ocrx_word' id='word_1_40' title='bbox 1060 1569 1107 1637; x_wconf 92' lang='lat' dir='ltr'><strong>ni·</strong></span> 
     </span>
     <span class='ocr_line' id='line_1_8' title="bbox 97 1669 1109 1766; baseline -0.001 -25"><span class='ocrx_word' id='word_1_41' title='bbox 97 1670 148 1741; x_wconf 91' lang='lat' dir='ltr'><strong>hil</strong></span> <span class='ocrx_word' id='word_1_42' title='bbox 169 1669 328 1755; x_wconf 88' lang='lat' dir='ltr'><strong>haberem,</strong></span> <span class='ocrx_word' id='word_1_43' title='bbox 352 1672 438 1764; x_wconf 91' lang='lat' dir='ltr'><strong>qnod</strong></span> <span class='ocrx_word' id='word_1_44' title='bbox 458 1673 651 1764; x_wconf 84' lang='lat' dir='ltr'><strong>respondere</strong></span> <span class='ocrx_word' id='word_1_45' title='bbox 673 1697 813 1766; x_wconf 91' lang='lat' dir='ltr'><strong>possem,</strong></span> <span class='ocrx_word' id='word_1_46' title='bbox 836 1688 936 1740; x_wconf 90' lang='lat' dir='ltr'><strong>totam</strong></span> <span class='ocrx_word' id='word_1_47' title='bbox 957 1671 1039 1740; x_wconf 88' lang='lat' dir='ltr'><strong>banc</strong></span> <span class='ocrx_word' id='word_1_48' title='bbox 1060 1672 1109 1740; x_wconf 90' lang='lat' dir='ltr'><strong>in·</strong></span> 
     </span>
     <span class='ocr_line' id='line_1_9' title="bbox 101 1774 1109 1872; baseline 0 -28"><span class='ocrx_word' id='word_1_49' title='bbox 101 1775 323 1869; x_wconf 77' lang='lat' dir='ltr'><strong>dagationem,</strong></span> <span class='ocrx_word' id='word_1_50' title='bbox 348 1774 424 1868; x_wconf 88' lang='lat' dir='ltr'><strong>qnid</strong></span> <span class='ocrx_word' id='word_1_51' title='bbox 446 1789 570 1852; x_wconf 49' lang='lat' dir='ltr'><strong>¹veteres</strong></span> <span class='ocrx_word' id='word_1_52' title='bbox 593 1775 632 1869; x_wconf 90' lang='lat' dir='ltr'><strong>de</strong></span> <span class='ocrx_word' id='word_1_53' title='bbox 657 1776 886 1872; x_wconf 87' lang='lat' dir='ltr'><strong>phaenomenis</strong></span> <span class='ocrx_word' id='word_1_54' title='bbox 908 1791 1036 1846; x_wconf 85' lang='lat' dir='ltr'><strong>nostrae</strong></span> <span class='ocrx_word' id='word_1_55' title='bbox 1063 1791 1109 1846; x_wconf 86' lang='lat' dir='ltr'><strong>at·</strong></span> 
     </span>
     <span class='ocr_line' id='line_1_10' title="bbox 100 1877 1110 1976; baseline 0 -27"><span class='ocrx_word' id='word_1_56' title='bbox 100 1877 310 1974; x_wconf 88' lang='lat' dir='ltr'><strong>mosphaerac</strong></span> <span class='ocrx_word' id='word_1_57' title='bbox 345 1878 565 1971; x_wconf 84' lang='lat' dir='ltr'><strong>cogitaverint,</strong></span> <span class='ocrx_word' id='word_1_58' title='bbox 595 1905 659 1975; x_wconf 90' lang='lat' dir='ltr'><strong>quo</strong></span> <span class='ocrx_word' id='word_1_59' title='bbox 687 1906 726 1950; x_wconf 91' lang='lat' dir='ltr'><strong>ea</strong></span> <span class='ocrx_word' id='word_1_60' title='bbox 754 1880 849 1948; x_wconf 91' lang='lat' dir='ltr'><strong>modo</strong></span> <span class='ocrx_word' id='word_1_61' title='bbox 879 1880 1034 1976; x_wconf 89' lang='lat' dir='ltr'><strong>explicare</strong></span> <span class='ocrx_word' id='word_1_62' title='bbox 1058 1905 1110 1951; x_wconf 91' lang='lat' dir='ltr'><strong>co·</strong></span> 
     </span>
     <span class='ocr_line' id='line_1_11' title="bbox 101 1982 1110 2078; baseline 0.002 -24"><span class='ocrx_word' id='word_1_63' title='bbox 101 1984 171 2054; x_wconf 88' lang='lat' dir='ltr'><strong>nati</strong></span> <span class='ocrx_word' id='word_1_64' title='bbox 193 1982 265 2068; x_wconf 89' lang='lat' dir='ltr'><strong>sint,</strong></span> <span class='ocrx_word' id='word_1_65' title='bbox 289 1984 479 2078; x_wconf 88' lang='lat' dir='ltr'><strong>superfluam</strong></span> <span class='ocrx_word' id='word_1_66' title='bbox 502 1991 581 2054; x_wconf 90' lang='lat' dir='ltr'><strong>esse&#39;</strong></span> <span class='ocrx_word' id='word_1_67' title='bbox 600 1986 805 2070; x_wconf 85' lang='lat' dir='ltr'><strong>censendam,</strong></span> <span class='ocrx_word' id='word_1_68' title='bbox 832 2000 994 2078; x_wconf 89' lang='lat' dir='ltr'><strong>totumque</strong></span> <span class='ocrx_word' id='word_1_69' title='bbox 1020 1985 1110 2056; x_wconf 92' lang='lat' dir='ltr'><strong>labo·</strong></span> 
     </span>
     <span class='ocr_line' id='line_1_12' title="bbox 102 2086 1112 2184; baseline 0.001 -25"><span class='ocrx_word' id='word_1_70' title='bbox 102 2115 171 2160; x_wconf 88' lang='lat' dir='ltr'><strong>rem</strong></span> <span class='ocrx_word' id='word_1_71' title='bbox 193 2086 349 2183; x_wconf 90' lang='lat' dir='ltr'><strong>perditum</strong></span> <span class='ocrx_word' id='word_1_72' title='bbox 373 2114 454 2174; x_wconf 88' lang='lat' dir='ltr'><strong>esse,</strong></span> <span class='ocrx_word' id='word_1_73' title='bbox 478 2089 549 2184; x_wconf 90' lang='lat' dir='ltr'><strong>ipse</strong></span> <span class='ocrx_word' id='word_1_74' title='bbox 571 2088 682 2158; x_wconf 90' lang='lat' dir='ltr'><strong>lubens</strong></span> <span class='ocrx_word' id='word_1_75' title='bbox 694 2089 868 2159; x_wconf 86' lang='lat' dir='ltr'><strong>confiterer.</strong></span> <span class='ocrx_word' id='word_1_76' title='bbox 913 2087 982 2158; x_wconf 89' lang='lat' dir='ltr'><strong>Res</strong></span> <span class='ocrx_word' id='word_1_77' title='bbox 1007 2107 1112 2162; x_wconf 85' lang='lat' dir='ltr'><strong>tamen</strong></span> 
     </span>
     <span class='ocr_line' id='line_1_13' title="bbox 103 2191 1112 2288; baseline 0.002 -26"><span class='ocrx_word' id='word_1_78' title='bbox 103 2194 196 2262; x_wconf 88' lang='lat' dir='ltr'><strong>aliter</strong></span> <span class='ocrx_word' id='word_1_79' title='bbox 229 2217 263 2260; x_wconf 88' lang='lat' dir='ltr'><strong>se</strong></span> <span class='ocrx_word' id='word_1_80' title='bbox 291 2191 397 2262; x_wconf 81' lang='lat' dir='ltr'><strong>babet</strong></span> <span class='ocrx_word' id='word_1_81' title='bbox 441 2193 488 2262; x_wconf 90' lang='lat' dir='ltr'><strong>Ut</strong></span> <span class='ocrx_word' id='word_1_82' title='bbox 510 2193 592 2262; x_wconf 87' lang='lat' dir='ltr'><strong>illud·</strong></span> <span class='ocrx_word' id='word_1_83' title='bbox 625 2209 761 2279; x_wconf 88' lang='lat' dir='ltr'><strong>taceam,</strong></span> <span class='ocrx_word' id='word_1_84' title='bbox 785 2195 872 2288; x_wconf 92' lang='lat' dir='ltr'><strong>quod</strong></span> <span class='ocrx_word' id='word_1_85' title='bbox 904 2194 1112 2264; x_wconf 89' lang='lat' dir='ltr'><strong>iamdudum</strong></span> 
     </span>
     <span class='ocr_line' id='line_1_14' title="bbox 104 2297 1113 2392; baseline 0.001 -25"><span class='ocrx_word' id='word_1_86' title='bbox 104 2297 386 2368; x_wconf 87' lang='lat' dir='ltr'><strong>eruditissimorum</strong></span> <span class='ocrx_word' id='word_1_87' title='bbox 408 2298 545 2367; x_wconf 86' lang='lat' dir='ltr'><strong>viromm</strong></span> <span class='ocrx_word' id='word_1_88' title='bbox 568 2322 635 2366; x_wconf 90' lang='lat' dir='ltr'><strong>non</strong></span> <span class='ocrx_word' id='word_1_89' title='bbox 663 2297 708 2368; x_wconf 90' lang='lat' dir='ltr'><strong>ita</strong></span> <span class='ocrx_word' id='word_1_90' title='bbox 730 2299 859 2392; x_wconf 84' lang='lat' dir='ltr'><strong>exiguus</strong></span> <span class='ocrx_word' id='word_1_91' title='bbox 882 2324 1042 2383; x_wconf 84' lang='lat' dir='ltr'><strong>numeros,</strong></span> <span class='ocrx_word' id='word_1_92' title='bbox 1064 2299 1113 2368; x_wconf 91' lang='lat' dir='ltr'><strong>in·</strong></span> 
     </span>
     <span class='ocr_line' id='line_1_15' title="bbox 104 2402 1128 2498; baseline 0.003 -26"><span class='ocrx_word' id='word_1_93' title='bbox 104 2418 154 2472; x_wconf 88' lang='lat' dir='ltr'><strong>ter</strong></span> <span class='ocrx_word' id='word_1_94' title='bbox 182 2425 261 2496; x_wconf 89' lang='lat' dir='ltr'><strong>quos</strong></span> <span class='ocrx_word' id='word_1_95' title='bbox 301 2418 387 2496; x_wconf 89' lang='lat' dir='ltr'><strong>quot</strong></span> <span class='ocrx_word' id='word_1_96' title='bbox 411 2427 516 2472; x_wconf 86' lang='lat' dir='ltr'><strong>rerum</strong></span> <span class='ocrx_word' id='word_1_97' title='bbox 543 2402 734 2472; x_wconf 85' lang='lat' dir='ltr'><strong>naturalium</strong></span> <span class='ocrx_word' id='word_1_98' title='bbox 756 2402 941 2498; x_wconf 88' lang='lat' dir='ltr'><strong>peritissimi</strong></span> <span class='ocrx_word' id='word_1_99' title='bbox 969 2403 1128 2488; x_wconf 71' lang='lat' dir='ltr'><strong>existant.</strong></span> 
     </span>
     <span class='ocr_line' id='line_1_16' title="bbox 103 2505 1115 2610; baseline 0.001 -33"><span class='ocrx_word' id='word_1_100' title='bbox 103 2533 171 2610; x_wconf 80' lang='lat' dir='ltr'><strong>non</strong></span> <span class='ocrx_word' id='word_1_101' title='bbox 184 2522 241 2576; x_wconf 85' lang='lat' dir='ltr'><strong>est</strong></span> <span class='ocrx_word' id='word_1_102' title='bbox 263 2507 349 2601; x_wconf 93' lang='lat' dir='ltr'><strong>quod</strong></span> <span class='ocrx_word' id='word_1_103' title='bbox 371 2529 537 2591; x_wconf 90' lang='lat' dir='ltr'><strong>moneam,</strong></span> <span class='ocrx_word' id='word_1_104' title='bbox 565 2505 761 2602; x_wconf 88' lang='lat' dir='ltr'><strong>protulerunt</strong></span> <span class='ocrx_word' id='word_1_105' title='bbox 792 2524 1028 2600; x_wconf 81' lang='lat' dir='ltr'><strong>argumentum,</strong></span> <span class='ocrx_word' id='word_1_106' title='bbox 1059 2533 1115 2578; x_wconf 88' lang='lat' dir='ltr'><strong>cnr</strong></span> 
     </span>
     <span class='ocr_line' id='line_1_17' title="bbox 105 2609 1114 2682; baseline 0.001 -1"><span class='ocrx_word' id='word_1_107' title='bbox 105 2611 260 2682; x_wconf 88' lang='lat' dir='ltr'><strong>eiusmodi</strong></span> <span class='ocrx_word' id='word_1_108' title='bbox 282 2609 573 2682; x_wconf 87' lang='lat' dir='ltr'><strong>dissertatiunculae</strong></span> <span class='ocrx_word' id='word_1_109' title='bbox 596 2636 705 2682; x_wconf 86' lang='lat' dir='ltr'><strong>veram</strong></span> <span class='ocrx_word' id='word_1_110' title='bbox 726 2611 840 2680; x_wconf 91' lang='lat' dir='ltr'><strong>litteris</strong></span> <span class='ocrx_word' id='word_1_111' title='bbox 864 2611 1029 2682; x_wconf 85' lang='lat' dir='ltr'><strong>utilitatem</strong></span> <span class='ocrx_word' id='word_1_112' title='bbox 1039 2612 1114 2682; x_wconf 85' lang='lat' dir='ltr'><strong>alle-</strong></span> 
     </span>
     <span class='ocr_line' id='line_1_18' title="bbox 105 2715 1116 2812; baseline 0.001 -29"><span class='ocrx_word' id='word_1_113' title='bbox 105 2732 193 2799; x_wconf 89' lang='lat' dir='ltr'><strong>rant,</strong></span> <span class='ocrx_word' id='word_1_114' title='bbox 217 2716 334 2812; x_wconf 88' lang='lat' dir='ltr'><strong>qoippe</strong></span> <span class='ocrx_word' id='word_1_115' title='bbox 359 2716 432 2812; x_wconf 86' lang='lat' dir='ltr'><strong>quia</strong></span> <span class='ocrx_word' id='word_1_116' title='bbox 463 2742 503 2783; x_wconf 86' lang='lat' dir='ltr'><strong>ex</strong></span> <span class='ocrx_word' id='word_1_117' title='bbox 527 2717 565 2786; x_wconf 88' lang='lat' dir='ltr'><strong>iis</strong></span> <span class='ocrx_word' id='word_1_118' title='bbox 587 2717 707 2811; x_wconf 90' lang='lat' dir='ltr'><strong>optimc</strong></span> <span class='ocrx_word' id='word_1_119' title='bbox 736 2715 914 2810; x_wconf 86' lang='lat' dir='ltr'><strong>perspicere</strong></span> <span class='ocrx_word' id='word_1_120' title='bbox 944 2715 1116 2810; x_wconf 87' lang='lat' dir='ltr'><strong>possimus,</strong></span> 
     </span>
     <span class='ocr_line' id='line_1_19' title="bbox 107 2818 1117 2916; baseline -0.005 -22"><span class='ocrx_word' id='word_1_121' title='bbox 107 2837 243 2916; x_wconf 85' lang='lat' dir='ltr'><strong>quantos</strong></span> <span class='ocrx_word' id='word_1_122' title='bbox 272 2821 409 2891; x_wconf 89' lang='lat' dir='ltr'><strong>humana</strong></span> <span class='ocrx_word' id='word_1_123' title='bbox 437 2841 535 2891; x_wconf 53' lang='lat' dir='ltr'><strong>mens*</strong></span> <span class='ocrx_word' id='word_1_124' title='bbox 560 2822 738 2915; x_wconf 88' lang='lat' dir='ltr'><strong>unoquovis</strong></span> <span class='ocrx_word' id='word_1_125' title='bbox 768 2818 896 2888; x_wconf 89' lang='lat' dir='ltr'><strong>saeculo</strong></span> <span class='ocrx_word' id='word_1_126' title='bbox 929 2843 1117 2914; x_wconf 84' lang='lat' dir='ltr'><strong>progressus</strong></span> 
     </span>
     <span class='ocr_line' id='line_1_20' title="bbox 105 2923 1118 3022; baseline 0 -28"><span class='ocrx_word' id='word_1_127' title='bbox 105 2925 233 3008; x_wconf 85' lang='lat' dir='ltr'><strong>fecerit,</strong></span> <span class='ocrx_word' id='word_1_128' title='bbox 264 2925 357 3018; x_wconf 91' lang='lat' dir='ltr'><strong>plura</strong></span> <span class='ocrx_word' id='word_1_129' title='bbox 384 2925 417 2994; x_wconf 91' lang='lat' dir='ltr'><strong>in</strong></span> <span class='ocrx_word' id='word_1_130' title='bbox 444 2942 594 3022; x_wconf 88' lang='lat' dir='ltr'><strong>prompto</strong></span> <span class='ocrx_word' id='word_1_131' title='bbox 622 2941 696 2994; x_wconf 90' lang='lat' dir='ltr'><strong>sunt</strong></span> <span class='ocrx_word' id='word_1_132' title='bbox 724 2939 908 3017; x_wconf 84' lang='lat' dir='ltr'><strong>argumenta</strong></span> <span class='ocrx_word' id='word_1_133' title='bbox 942 2946 1058 3016; x_wconf 87' lang='lat' dir='ltr'><strong>eaque,</strong></span> <span class='ocrx_word' id='word_1_134' title='bbox 1089 2923 1118 2994; x_wconf 87' lang='lat' dir='ltr'><strong>si</strong></span> 
     </span>
     <span class='ocr_line' id='line_1_21' title="bbox 10 3027 1118 3130; baseline 0.001 -33"><span class='ocrx_word' id='word_1_135' title='bbox 10 3123 11 3130; x_wconf 8' lang='grc' dir='ltr'>ἵ</span> <span class='ocrx_word' id='word_1_136' title='bbox 107 3030 185 3125; x_wconf 93' lang='lat' dir='ltr'><strong>qnid</strong></span> <span class='ocrx_word' id='word_1_137' title='bbox 207 3027 360 3122; x_wconf 90' lang='lat' dir='ltr'><strong>intelligo,</strong></span> <span class='ocrx_word' id='word_1_138' title='bbox 386 3029 530 3125; x_wconf 81' lang='lat' dir='ltr'><strong>prolecto</strong></span> <span class='ocrx_word' id='word_1_139' title='bbox 564 3030 720 3123; x_wconf 88' lang='lat' dir='ltr'><strong>graviora.</strong></span> <span class='ocrx_word' id='word_1_140' title='bbox 772 3029 914 3098; x_wconf 87' lang='lat' dir='ltr'><strong>Omnem</strong></span> <span class='ocrx_word' id='word_1_141' title='bbox 942 3027 1118 3098; x_wconf 85' lang='lat' dir='ltr'><strong>litterarum</strong></span> 
     </span>
     <span class='ocr_line' id='line_1_22' title="bbox 108 3131 1117 3228; baseline -0.003 -23"><span class='ocrx_word' id='word_1_142' title='bbox 108 3134 263 3205; x_wconf 88' lang='lat' dir='ltr'><strong>culturam</strong></span> <span class='ocrx_word' id='word_1_143' title='bbox 285 3157 305 3201; x_wconf 92' lang='lat' dir='ltr'><strong>a</strong></span> <span class='ocrx_word' id='word_1_144' title='bbox 328 3134 459 3204; x_wconf 89' lang='lat' dir='ltr'><strong>Graecis</strong></span> <span class='ocrx_word' id='word_1_145' title='bbox 483 3153 515 3205; x_wconf 89' lang='lat' dir='ltr'><strong>et</strong></span> <span class='ocrx_word' id='word_1_146' title='bbox 525 3133 682 3204; x_wconf 88' lang='lat' dir='ltr'><strong>Romanis</strong></span> <span class='ocrx_word' id='word_1_147' title='bbox 701 3132 855 3226; x_wconf 87' lang='lat' dir='ltr'><strong>originem</strong></span> <span class='ocrx_word' id='word_1_148' title='bbox 878 3134 997 3228; x_wconf 85' lang='lat' dir='ltr'><strong>cepisse</strong></span> <span class='ocrx_word' id='word_1_149' title='bbox 1018 3131 1117 3202; x_wconf 91' lang='lat' dir='ltr'><strong>bisto-</strong></span> 
     </span>
    </p>

    <p class='ocr_par' dir='ltr' id='par_1_4' title="bbox 107 3227 1189 3856">
     <span class='ocr_line' id='line_1_23' title="bbox 107 3227 1189 3334; baseline -0.002 -26"><span class='ocrx_word' id='word_1_150' title='bbox 107 3240 157 3330; x_wconf 82' lang='lat' dir='ltr'><strong>ria</strong></span> <span class='ocrx_word' id='word_1_151' title='bbox 179 3237 268 3307; x_wconf 89' lang='lat' dir='ltr'><strong>testis</strong></span> <span class='ocrx_word' id='word_1_152' title='bbox 292 3254 349 3308; x_wconf 90' lang='lat' dir='ltr'><strong>est.</strong></span> <span class='ocrx_word' id='word_1_153' title='bbox 394 3237 607 3334; x_wconf 86' lang='lat' dir='ltr'><strong>Nequaquam</strong></span> <span class='ocrx_word' id='word_1_154' title='bbox 635 3237 750 3308; x_wconf 88' lang='lat' dir='ltr'><strong>infitias</strong></span> <span class='ocrx_word' id='word_1_155' title='bbox 773 3239 817 3308; x_wconf 89' lang='lat' dir='ltr'><strong>ire</strong></span> <span class='ocrx_word' id='word_1_156' title='bbox 841 3237 996 3322; x_wconf 85' lang='lat' dir='ltr'><strong>volumus,</strong></span> <span class='ocrx_word' id='word_1_157' title='bbox 1018 3236 1119 3306; x_wconf 90' lang='lat' dir='ltr'><strong>multa</strong></span> <span class='ocrx_word' id='word_1_158' title='bbox 1186 3227 1189 3232; x_wconf 15' lang='grc' dir='ltr'><strong>Δ</strong></span> 
     </span>
     <span class='ocr_line' id='line_1_24' title="bbox 109 3343 1119 3440; baseline -0.005 -28"><span class='ocrx_word' id='word_1_159' title='bbox 109 3343 151 3412; x_wconf 92' lang='lat' dir='ltr'><strong>ab</strong></span> <span class='ocrx_word' id='word_1_160' title='bbox 180 3343 362 3440; x_wconf 84' lang='lat' dir='ltr'><strong>Aegyptiis,</strong></span> <span class='ocrx_word' id='word_1_161' title='bbox 390 3344 496 3428; x_wconf 85' lang='lat' dir='ltr'><strong>Indis,</strong></span> <span class='ocrx_word' id='word_1_162' title='bbox 527 3345 658 3440; x_wconf 89' lang='lat' dir='ltr'><strong>aliisque</strong></span> <span class='ocrx_word' id='word_1_163' title='bbox 686 3343 814 3439; x_wconf 86' lang='lat' dir='ltr'><strong>populis</strong></span> <span class='ocrx_word' id='word_1_164' title='bbox 854 3343 942 3436; x_wconf 88' lang='lat' dir='ltr'><strong>prins</strong></span> <span class='ocrx_word' id='word_1_165' title='bbox 975 3365 1069 3435; x_wconf 88' lang='lat' dir='ltr'><strong>quam</strong></span> <span class='ocrx_word' id='word_1_166' title='bbox 1098 3363 1119 3408; x_wconf 88' lang='lat' dir='ltr'><strong>a</strong></span> 
     </span>
     <span class='ocr_line' id='line_1_25' title="bbox 111 3445 1118 3542; baseline -0.006 -24"><span class='ocrx_word' id='word_1_167' title='bbox 111 3447 244 3518; x_wconf 88' lang='lat' dir='ltr'><strong>Graecis</strong></span> <span class='ocrx_word' id='word_1_168' title='bbox 273 3474 342 3518; x_wconf 88' lang='lat' dir='ltr'><strong>esse</strong></span> <span class='ocrx_word' id='word_1_169' title='bbox 371 3449 511 3542; x_wconf 86' lang='lat' dir='ltr'><strong>cognita:</strong></span> <span class='ocrx_word' id='word_1_170' title='bbox 550 3449 585 3518; x_wconf 90' lang='lat' dir='ltr'><strong>id</strong></span> <span class='ocrx_word' id='word_1_171' title='bbox 624 3464 730 3518; x_wconf 88' lang='lat' dir='ltr'><strong>tamen</strong></span> <span class='ocrx_word' id='word_1_172' title='bbox 755 3461 884 3518; x_wconf 79' lang='lat' dir='ltr'><strong>&#39;certum</strong></span> <span class='ocrx_word' id='word_1_173' title='bbox 918 3445 1118 3530; x_wconf 82' lang='lat' dir='ltr'><strong>arbitramur,</strong></span> 
     </span>
     <span class='ocr_line' id='line_1_26' title="bbox 111 3546 1119 3650; baseline -0.003 -31"><span class='ocrx_word' id='word_1_174' title='bbox 111 3551 263 3647; x_wconf 90' lang='lat' dir='ltr'><strong>quidquid</strong></span> <span class='ocrx_word' id='word_1_175' title='bbox 286 3554 326 3622; x_wconf 89' lang='lat' dir='ltr'><strong>ab</strong></span> <span class='ocrx_word' id='word_1_176' title='bbox 349 3553 413 3623; x_wconf 91' lang='lat' dir='ltr'><strong>illis</strong></span> <span class='ocrx_word' id='word_1_177' title='bbox 436 3554 581 3648; x_wconf 87' lang='lat' dir='ltr'><strong>gentibus</strong></span> <span class='ocrx_word' id='word_1_178' title='bbox 616 3552 863 3650; x_wconf 86' lang='lat' dir='ltr'><strong>depromserint,</strong></span> <span class='ocrx_word' id='word_1_179' title='bbox 897 3547 1040 3617; x_wconf 88' lang='lat' dir='ltr'><strong>Graecos</strong></span> <span class='ocrx_word' id='word_1_180' title='bbox 1064 3546 1119 3616; x_wconf 85' lang='lat' dir='ltr'><strong>dc·</strong></span> 
     </span>
     <span class='ocr_line' id='line_1_27' title="bbox 109 3653 1120 3751; baseline -0.007 -26"><span class='ocrx_word' id='word_1_181' title='bbox 109 3683 197 3725; x_wconf 89' lang='lat' dir='ltr'><strong>mum</strong></span> <span class='ocrx_word' id='word_1_182' title='bbox 219 3657 253 3726; x_wconf 90' lang='lat' dir='ltr'><strong>in</strong></span> <span class='ocrx_word' id='word_1_183' title='bbox 281 3653 425 3728; x_wconf 87' lang='lat' dir='ltr'><strong>ordinem</strong></span> <span class='ocrx_word' id='word_1_184' title='bbox 452 3657 613 3751; x_wconf 88' lang='lat' dir='ltr'><strong>redegisse</strong></span> <span class='ocrx_word' id='word_1_185' title='bbox 630 3666 662 3744; x_wconf 78' lang='lat' dir='ltr'><strong>x)</strong></span> <span class='ocrx_word' id='word_1_186' title='bbox 684 3673 716 3724; x_wconf 88' lang='lat' dir='ltr'><strong>et</strong></span> <span class='ocrx_word' id='word_1_187' title='bbox 746 3679 822 3723; x_wconf 88' lang='lat' dir='ltr'><strong>vera</strong></span> <span class='ocrx_word' id='word_1_188' title='bbox 842 3653 1015 3722; x_wconf 88' lang='lat' dir='ltr'><strong>litterarum</strong></span> <span class='ocrx_word' id='word_1_189' title='bbox 1038 3667 1120 3720; x_wconf 86' lang='lat' dir='ltr'><strong>stra-</strong></span> 
     </span>
     <span class='ocr_line' id='line_1_28' title="bbox 110 3755 1120 3856; baseline -0.006 -26"><span class='ocrx_word' id='word_1_190' title='bbox 110 3762 197 3831; x_wconf 85' lang='lat' dir='ltr'><strong>visse</strong></span> <span class='ocrx_word' id='word_1_191' title='bbox 227 3761 443 3832; x_wconf 83' lang='lat' dir='ltr'><strong>fundamenta.</strong></span> <span class='ocrx_word' id='word_1_192' title='bbox 503 3763 632 3832; x_wconf 87' lang='lat' dir='ltr'><strong>Graeca</strong></span> <span class='ocrx_word' id='word_1_193' title='bbox 653 3759 768 3829; x_wconf 85' lang='lat' dir='ltr'><strong>interiit</strong></span> <span class='ocrx_word' id='word_1_194' title='bbox 799 3781 893 3856; x_wconf 77' lang='lat' dir='ltr'><strong>gensz</strong></span> <span class='ocrx_word' id='word_1_195' title='bbox 920 3755 970 3825; x_wconf 85' lang='lat' dir='ltr'><strong>vel</strong></span> <span class='ocrx_word' id='word_1_196' title='bbox 997 3755 1026 3823; x_wconf 93' lang='lat' dir='ltr'><strong>si</strong></span> <span class='ocrx_word' id='word_1_197' title='bbox 1055 3778 1120 3824; x_wconf 92' lang='lat' dir='ltr'><strong>non</strong></span> 
     </span>
    </p>
   </div>
   <div class='ocr_carea' id='block_1_4' title="bbox 136 4011 1132 4246">
    <p class='ocr_par' dir='ltr' id='par_1_5' title="bbox 136 4011 1132 4246">
     <span class='ocr_line' id='line_1_29' title="bbox 136 4011 1125 4088; baseline -0.012 -14"><span class='ocrx_word' id='word_1_198' title='bbox 136 4023 164 4084; x_wconf 84' lang='lat'><strong>1)</strong></span> <span class='ocrx_word' id='word_1_199' title='bbox 183 4019 339 4088; x_wconf 63' lang='lat' dir='ltr'><strong>Epinomiu</strong></span> <span class='ocrx_word' id='word_1_200' title='bbox 360 4033 389 4086; x_wconf 85' lang='lat' dir='ltr'><strong>p·</strong></span> <span class='ocrx_word' id='word_1_201' title='bbox 405 4013 471 4079; x_wconf 83' lang='lat'>986.</span> <span class='ocrx_word' id='word_1_202' title='bbox 506 4014 609 4070; x_wconf 85' lang='lat' dir='ltr'><strong>Omnia</strong></span> <span class='ocrx_word' id='word_1_203' title='bbox 629 4031 644 4067; x_wconf 90' lang='lat' dir='ltr'><strong>a</strong></span> <span class='ocrx_word' id='word_1_204' title='bbox 662 4012 788 4068; x_wconf 73' lang='lat' dir='ltr'><strong>barbaris</strong></span> <span class='ocrx_word' id='word_1_205' title='bbox 801 4025 869 4068; x_wconf 75' lang='lat' dir='ltr'><strong>etro</strong></span> <span class='ocrx_word' id='word_1_206' title='bbox 888 4011 1006 4065; x_wconf 73' lang='lat' dir='ltr'><strong>inventa</strong></span> <span class='ocrx_word' id='word_1_207' title='bbox 1025 4016 1125 4064; x_wconf 83' lang='lat' dir='ltr'><strong>oertset</strong></span> 
     </span>
     <span class='ocr_line' id='line_1_30' title="bbox 183 4098 1132 4184; baseline -0.014 -22"><span class='ocrx_word' id='word_1_208' title='bbox 183 4106 286 4162; x_wconf 81' lang='lat' dir='ltr'><strong>Clam.</strong></span> <span class='ocrx_word' id='word_1_209' title='bbox 305 4104 550 4158; x_wconf 81' lang='lat' dir='ltr'><strong>Alexandrin.</strong></span> <span class='ocrx_word' id='word_1_210' title='bbox 568 4107 705 4160; x_wconf 60' lang='lat' dir='ltr'><strong>Stremd.</strong></span> <span class='ocrx_word' id='word_1_211' title='bbox 726 4105 826 4176; x_wconf 69' lang='lat' dir='ltr'><strong>pand.</strong></span> <span class='ocrx_word' id='word_1_212' title='bbox 852 4104 883 4156; x_wconf 69' lang='lat' dir='ltr'><strong>G</strong></span> <span class='ocrx_word' id='word_1_213' title='bbox 900 4101 936 4152; x_wconf 80' lang='lat' dir='ltr'><strong>ed</strong></span> <span class='ocrx_word' id='word_1_214' title='bbox 955 4098 1132 4184; x_wconf 49' lang='lat' dir='ltr'><strong>sy&#39;tburg3</strong></span> 
     </span>
     <span class='ocr_line' id='line_1_31' title="bbox 865 4197 906 4246; baseline 0 -21"><span class='ocrx_word' id='word_1_215' title='bbox 865 4197 878 4246; x_wconf 66' lang='lat'><strong>1</strong></span> <span class='ocrx_word' id='word_1_216' title='bbox 893 4198 906 4225; x_wconf 62' lang='grc'>1</span> 
     </span>
    </p>
   </div>
   <div class='ocr_carea' id='block_1_5' title="bbox 0 0 1452 4734">
    <p class='ocr_par' dir='ltr' id='par_1_6' title="bbox 0 0 1452 4734">
     <span class='ocr_line' id='line_1_32' title="bbox 0 0 1452 4734; baseline 0 0"><span class='ocrx_word' id='word_1_217' title='bbox 0 0 1452 4734; x_wconf 95' lang='lat' dir='ltr'><strong> </strong></span> 
     </span>
    </p>
   </div>
  </div>
 </body>
</html>
