2838 4730
295 329 358 400 114
578 323 643 392 De
663 311 825 394 Etesiis
851 325 994 402 uentis.
1050 351 1051 356 ¹

334 498 515 572 Horrileris
536 499 648 568 flabris
671 517 882 595 contorquens
905 523 1044 593 aequora
1067 495 1145 593 caeli

333 607 409 675 Huc
430 603 546 697 Aquilo
569 603 714 696 glacialis
736 605 915 699 relinquens
937 605 1089 696 ninguida
1112 601 1273 689 Thracas,

336 708 435 781 Solve
458 707 540 778 Covi
563 709 685 780 subices
708 712 869 805 nigrantes
891 711 1024 779 nubibus
1046 707 1122 776 totis

335 813 481 884 Flamine
504 813 673 882 dimetiens
696 831 907 911 praegnantes
929 814 1083 883 imbribus
1105 813 1213 898 nubes¹

338 919 460 990 Omnia
481 917 561 988 suda
582 917 698 1006 ferens,
728 936 857 1014 tergens
878 917 961 988 [reta
982 919 1084 988 vitrea
1106 918 1197 988 caeli.

759 1219 768 1235 .
801 1175 855 1238 20.

585 1289 649 1357 De
670 1173 833 1360 Etisti's
858 1288 1007 1359 ventis.

378 1427 533 1524 Tempus,
557 1453 620 1524 quo
635 1431 756 1526 spirare
772 1432 876 1501 solent
888 1429 1064 1524 Aquilones
1080 1427 1227 1510 Etesiae,
1237 1451 1290 1494 su·
1404 1477 1407 1490 ,

292 1557 352 1630 pra
381 1536 629 1632 exposuimus¹).
671 1537 797 1605 Eodem
824 1537 917 1608 unius
940 1535 1088 1630 cuiusque
1111 1535 1186 1604 anni
1215 1551 1296 1603 tem-

291 1667 374 1738 pore
407 1659 494 1714 certo
528 1642 637 1712 ordine
669 1643 815 1728 redeunt,
850 1643 910 1711 etsi
943 1641 1116 1736 aliquando
1150 1641 1300 1708 defecisse
1414 1641 1415 1676 l

294 1771 412 1843 eosque
436 1748 477 1818 ab
499 1748 654 1818 Aristaeo.
674 1749 709 1817 in
732 1748 800 1818 Ceo
821 1747 926 1816 insula
948 1749 1019 1818 lovi
1041 1747 1137 1815 sacris
1169 1762 1299 1838 operato
1414 1779 1415 1782 ¹

293 1879 365 1924 esse
386 1869 551 1921 revocatos
578 1869 668 1921 vetus
688 1851 796 1920 fabula
823 1852 958 1920 tradidit
968 1857 1007 1937 ²).
1051 1850 1299 1920 Aristoteles
1414 1879 1415 1904 ι

295 2025 506 2046 -ιὸ--ι-

361 2153 441 2228 quod
453 2169 490 2207 ex
509 2151 670 2208 coniectura
688 2152 719 2206 in
737 2161 850 2206 textum
869 2153 971 2224 resipit
987 2141 1211 2209 Hermannus
1228 2150 1301 2223 ida*

296 2307 301 2314 ·
360 2257 474 2294 ποοσασ.
510 2243 553 2294 De
570 2240 696 2310 enallage
719 2237 770 2292 oft.
788 2237 982 2294 Hermann.
1005 2241 1041 2294 ad
1066 2241 1180 2312 Orpbie·
1199 2240 1300 2312 hymn.
1414 2305 1415 2320 ,

296 2331 299 2340 ’
361 2343 390 2398 p.
399 2323 453 2384 3116
475 2333 503 2382 et
520 2324 697 2380 Matthiae
718 2328 846 2380 Grumm.
862 2345 907 2398 gr.
919 2329 953 2379 11.
974 2331 1000 2396 §.
1015 2325 1078 2386 436.
1094 2346 1124 2399 p·
1132 2323 1197 2384 's1lu
1213 2330 1299 2383 Tales

315 2473 330 2491 ⁴
360 2413 471 2482 Hymni
497 2413 529 2468 in
555 2412 641 2470 seoris
666 2415 761 2468 Vento
788 2411 891 2469 oblatis
917 2413 1101 2471 canebantur.
1149 2417 1192 2470 De
1219 2418 1299 2471 onitu

360 2502 521 2570 Ventorum
545 2510 573 2554 et
595 2501 701 2554 Boreae
726 2500 874 2572 imprimis
894 2509 957 2558 tum
979 2503 1057 2573 apud
1076 2505 1214 2572 Graeoos,
1236 2511 1299 2556 tum

359 2585 438 2660 apud
465 2585 613 2654 barbaros,
641 2586 804 2643 conserendi
827 2596 896 2644 sunt
921 2589 1137 2646 Perizonius
1166 2587 1203 2643 ed
1228 2588 1299 2642 Ae·
1414 2583 1415 2596 ¹

359 2675 445 2730 lien.
475 2676 661 2732 Varrltismr.
681 2679 750 2744 XII,
778 2677 822 2735 61.
848 2676 1086 2750 spanhemius
1108 2678 1151 2760 ¹ad
1181 2674 1300 2734 Galli-

349 2761 473 2818 ·maoh.
497 2765 591 2840 hymn.
615 2767 647 2820 in
669 2765 729 2818 Del.
748 2765 833 2822 nes.
868 2766 978 2818 Praeter
994 2766 1115 2820 Boream
1133 2763 1299 2834 praesertim

361 2851 513 2922 Zephyrus
540 2849 699 2920 colebatur,
729 2849 810 2906 euius
835 2851 930 2923 plures
954 2867 1017 2906 arae
1040 2859 1300 2914 commemorantur

333 2999 336 3008 Ι
355 2938 438 3005 apud
455 2943 625 3014 Pausaniam
642 2941 727 3003 1,·37.
747 2939 782 3004 11,
803 2941 836 2994 12
854 2947 882 2993 et
898 2937 961 2994 aliis
978 2937 1010 2991 in
1027 2933 1107 2994 locis.

309 3038 340 3109 1)
362 3038 581 3094 Aristotelis
600 3039 811 3106 Prootxxvl,
830 3049 862 3106 2,
888 3041 995 3112 p.9lO,
1020 3059 1050 3102 a:
1075 3040 1105 3096 οἶ
1125 3044 1174 3112 μὲν
1198 3041 1298 3113 ἐτήσιοι
1414 3071 1415 3098 t

359 3129 455 3195 βορέαι
474 3119 656 3192 neesreuiros
673 3123 722 3178 τοῦ
737 3120 814 3197 depos
830 3131 951 3193 πνέουσι,
968 3133 1066 3197 θέρους
1083 3129 1136 3202 yoip
1154 3135 1273 3185 πνέουσι.

307 3235 335 3296 2)
362 3229 419 3286 Gir.
438 3228 680 3300 Theophrast.
700 3228 735 3285 de
751 3242 826 3286 vent.
846 3233 871 3298 ξ.
891 3231 932 3290 tlt.
953 3253 982 3306 p.
999 3235 1060 3296 76³.
1081 3243 1110 3290 et
1129 3236 1296 3292 clement.

358 3314 592 3371 Alexandria.
618 3319 748 3369 stromat.
764 3319 815 3372 Vl.
843 3337 872 3391 p·
889 3322 951 3378 651.
976 3325 1010 3376 B.
1058 3324 1203 3378 Caeterum
1230 3333 1296 3378 *non

358 3401 497 3460 absimilis
514 3401 609 3456 fabula
627 3403 792 3474 perhibetur
809 3406 844 3461 de
863 3410 1080 3480 Empedoola
1096 3405 1294 3480 Agrigentino,

357 3509 443 3568 wem
461 3490 631 3546 Timaeus
649 3492 725 3562 apud
742 3491 942 3565 Diogenem
960 3493 1138 3550 La'e'rtinm
1156 3496 1296 3564 V111,so

358 3593 387 3634 et
403 3578 538 3648 suidas
556 3598 586 3638 v.
604 3573 704 3635 ἄπνοος
720 3590 843 3648 narrant,
862 3584 960 3638 Etesiis
978 3577 1135 3654 aliquando
1153 3589 1211 3636 tam
1232 3598 1295 3655 gra-

310 3689 317 3696 ·
357 3667 432 3721 riter
440 3664 584 3737 flantibus,
594 3674 627 3720 ut
636 3665 722 3722 etiam
731 3667 838 3724 fruetus
845 3671 1029 3734 laederentur,
1046 3685 1113 3724 eum
1121 3680 1223 3725 utrese
1234 3672 1298 3744 pel-

357 3751 435 3808 libus
454 3741 572 3810 asininis
590 3752 699 3824 feoisse,
719 3764 748 3810 et
764 3755 839 3810 cirea
857 3759 944 3812 eolles
959 3763 1046 3830 atque
1065 3755 1123 3810 alia
1139 3759 1201 3811 losa
1219 3755 1295 3810 edita

357 3837 527 3895 distendisse
549 3840 737 3911 meursius,
761 3851 794 3896 ut
810 3829 930 3899 rentum
947 3843 1206 3927 eomprehenderet.
1242 3845 1293 3915 lp-

356 3925 416 3980 sius
436 3925 493 3980 hae
519 3925 554 3981 de
579 3942 610 3980 re
632 3943 730 3984 versus
755 3929 917 3996 laudentur,
941 3930 1292 4004 tumaDiog.1.eiirt.

356 4011 438 4080 vm,
468 4019 519 4080 59,
545 4021 608 4069 tum
631 4029 647 4070 a
672 4015 856 4071 Clemente
881 4015 1141 4074 Alexandrino
1163 4022 1292 4075 stromat.
