<?xml version="1.0" encoding="UTF-8"?>
<!DOCTYPE html PUBLIC "-//W3C//DTD XHTML 1.0 Transitional//EN"
    "http://www.w3.org/TR/xhtml1/DTD/xhtml1-transitional.dtd">
<html xmlns="http://www.w3.org/1999/xhtml" xml:lang="en" lang="en">
 <head>
  <title>
</title>
<meta http-equiv="Content-Type" content="text/html;charset=utf-8" />
  <meta name='ocr-system' content='tesseract 3.04.00' />
  <meta name='ocr-capabilities' content='ocr_page ocr_carea ocr_par ocr_line ocrx_word'/>
</head>
<body>
  <div class='ocr_page' id='page_1' title='image "./meteorologiavet02idelgoog_0137.png"; bbox 0 0 2838 4730; ppageno 0'>
   <div class='ocr_carea' id='block_1_1' title="bbox 295 289 875 363">
    <p class='ocr_par' dir='ltr' id='par_1_1' title="bbox 295 289 875 363">
     <span class='ocr_line' id='line_1_1' title="bbox 295 289 875 363; baseline -0.009 -1"><span class='ocrx_word' id='word_1_1' title='bbox 295 299 358 363; x_wconf 79' lang='lat'><strong>122</strong></span> <span class='ocrx_word' id='word_1_2' title='bbox 708 289 875 358; x_wconf 80' lang='lat' dir='ltr'><em>Auster.</em></span> 
     </span>
    </p>
   </div>
   <div class='ocr_carea' id='block_1_2' title="bbox 284 441 1376 2322">
    <p class='ocr_par' dir='ltr' id='par_1_2' title="bbox 284 441 1376 2322">
     <span class='ocr_line' id='line_1_2' title="bbox 289 441 1292 564; baseline 0.005 -30"><span class='ocrx_word' id='word_1_3' title='bbox 289 483 362 564; x_wconf 90' lang='lat' dir='ltr'><strong>post</strong></span> <span class='ocrx_word' id='word_1_4' title='bbox 388 466 534 560; x_wconf 87' lang='lat' dir='ltr'><strong>pruinam</strong></span> <span class='ocrx_word' id='word_1_5' title='bbox 562 479 593 534; x_wconf 90' lang='lat' dir='ltr'><strong>et</strong></span> <span class='ocrx_word' id='word_1_6' title='bbox 614 441 720 534; x_wconf 70' lang='lat' dir='ltr'><strong>nivtlm</strong></span> <span class='ocrx_word' id='word_1_7' title='bbox 741 466 848 536; x_wconf 90' lang='lat' dir='ltr'><strong>Austri</strong></span> <span class='ocrx_word' id='word_1_8' title='bbox 874 470 1000 562; x_wconf 83' lang='lat' dir='ltr'><strong>spirare</strong></span> <span class='ocrx_word' id='word_1_9' title='bbox 1026 465 1161 552; x_wconf 82' lang='lat' dir='ltr'><strong>soleant,</strong></span> <span class='ocrx_word' id='word_1_10' title='bbox 1186 468 1292 562; x_wconf 89' lang='lat' dir='ltr'><strong>specie</strong></span> 
     </span>
     <span class='ocr_line' id='line_1_3' title="bbox 290 568 1292 666; baseline 0.001 -25"><span class='ocrx_word' id='word_1_11' title='bbox 290 571 406 648; x_wconf 83' lang='lat' dir='ltr'><strong>inducti</strong></span> <span class='ocrx_word' id='word_1_12' title='bbox 429 583 512 653; x_wconf 88' lang='lat' dir='ltr'><strong>sunt,</strong></span> <span class='ocrx_word' id='word_1_13' title='bbox 540 595 612 638; x_wconf 91' lang='lat' dir='ltr'><strong>cum</strong></span> <span class='ocrx_word' id='word_1_14' title='bbox 633 568 743 640; x_wconf 85' lang='lat' dir='ltr'>Austri</span> <span class='ocrx_word' id='word_1_15' title='bbox 764 572 868 666; x_wconf 91' lang='lat' dir='ltr'><strong>potius</strong></span> <span class='ocrx_word' id='word_1_16' title='bbox 889 573 1033 666; x_wconf 90' lang='lat' dir='ltr'><strong>pruinam</strong></span> <span class='ocrx_word' id='word_1_17' title='bbox 1055 589 1087 640; x_wconf 90' lang='lat' dir='ltr'><strong>et</strong></span> <span class='ocrx_word' id='word_1_18' title='bbox 1108 573 1214 642; x_wconf 82' lang='lat' dir='ltr'><strong>nivem</strong></span> <span class='ocrx_word' id='word_1_19' title='bbox 1242 599 1292 642; x_wconf 90' lang='lat' dir='ltr'><strong>re·</strong></span> 
     </span>
     <span class='ocr_line' id='line_1_4' title="bbox 287 665 1295 771; baseline 0.003 -27"><span class='ocrx_word' id='word_1_20' title='bbox 287 674 482 760; x_wconf 81' lang='lat' dir='ltr'><strong>solvant¹⁸).</strong></span> <span class='ocrx_word' id='word_1_21' title='bbox 525 671 680 742; x_wconf 81' lang='lat' dir='ltr'><strong>Rariores</strong></span> <span class='ocrx_word' id='word_1_22' title='bbox 704 665 826 770; x_wconf 85' lang='lat' dir='ltr'><strong>spirant</strong></span> <span class='ocrx_word' id='word_1_23' title='bbox 847 679 952 756; x_wconf 80' lang='lat' dir='ltr'><strong>Austri</strong></span> <span class='ocrx_word' id='word_1_24' title='bbox 972 679 1005 746; x_wconf 87' lang='lat' dir='ltr'><strong>in</strong></span> <span class='ocrx_word' id='word_1_25' title='bbox 1029 677 1174 762; x_wconf 80' lang='lat' dir='ltr'>Graecia,</span> <span class='ocrx_word' id='word_1_26' title='bbox 1196 701 1295 771; x_wconf 85' lang='lat' dir='ltr'><strong>quam</strong></span> 
     </span>
     <span class='ocr_line' id='line_1_5' title="bbox 288 778 1295 878; baseline 0.001 -27"><span class='ocrx_word' id='word_1_27' title='bbox 288 778 480 876; x_wconf 88' lang='lat' dir='ltr'><strong>Aquilones,</strong></span> <span class='ocrx_word' id='word_1_28' title='bbox 511 793 589 847; x_wconf 86' lang='lat' dir='ltr'><strong>teste</strong></span> <span class='ocrx_word' id='word_1_29' title='bbox 625 779 923 868; x_wconf 78' lang='lat' dir='ltr'><strong>Aristotele¹²),</strong></span> <span class='ocrx_word' id='word_1_30' title='bbox 955 784 1101 878; x_wconf 85' lang='lat' dir='ltr'>idemque</span> <span class='ocrx_word' id='word_1_31' title='bbox 1130 783 1168 852; x_wconf 90' lang='lat' dir='ltr'><strong>de</strong></span> <span class='ocrx_word' id='word_1_32' title='bbox 1198 782 1295 852; x_wconf 83' lang='lat' dir='ltr'><strong>Italia</strong></span> 
     </span>
     <span class='ocr_line' id='line_1_6' title="bbox 284 884 1291 983; baseline 0 -29"><span class='ocrx_word' id='word_1_33' title='bbox 284 885 390 954; x_wconf 88' lang='lat' dir='ltr'><strong>valere</strong></span> <span class='ocrx_word' id='word_1_34' title='bbox 413 907 509 979; x_wconf 89' lang='lat' dir='ltr'><strong>supra</strong></span> <span class='ocrx_word' id='word_1_35' title='bbox 529 884 719 955; x_wconf 89' lang='lat' dir='ltr'><strong>monuimus.</strong></span> <span class='ocrx_word' id='word_1_36' title='bbox 753 885 894 956; x_wconf 81' lang='lat' dir='ltr'><strong>Causam</strong></span> <span class='ocrx_word' id='word_1_37' title='bbox 916 888 1063 973; x_wconf 82' lang='lat' dir='ltr'><strong>affert¹⁸),</strong></span> <span class='ocrx_word' id='word_1_38' title='bbox 1088 887 1238 983; x_wconf 89' lang='lat' dir='ltr'><strong>quoniam</strong></span> <span class='ocrx_word' id='word_1_39' title='bbox 1251 913 1291 956; x_wconf 86' lang='lat' dir='ltr'><strong>ex</strong></span> 
     </span>
     <span class='ocr_line' id='line_1_7' title="bbox 288 988 1294 1084; baseline -0.002 -24"><span class='ocrx_word' id='word_1_40' title='bbox 288 991 461 1084; x_wconf 82' lang='lat' dir='ltr'><strong>longinquo</strong></span> <span class='ocrx_word' id='word_1_41' title='bbox 497 988 668 1082; x_wconf 85' lang='lat' dir='ltr'><strong>spirantes,</strong></span> <span class='ocrx_word' id='word_1_42' title='bbox 707 991 770 1060; x_wconf 86' lang='lat' dir='ltr'><strong>nisi</strong></span> <span class='ocrx_word' id='word_1_43' title='bbox 803 994 868 1062; x_wconf 91' lang='lat' dir='ltr'><strong>sint</strong></span> <span class='ocrx_word' id='word_1_44' title='bbox 892 992 1107 1079; x_wconf 87' lang='lat' dir='ltr'><strong>vehementes,</strong></span> <span class='ocrx_word' id='word_1_45' title='bbox 1145 991 1294 1062; x_wconf 85' lang='lat' dir='ltr'><strong>advenire</strong></span> 
     </span>
     <span class='ocr_line' id='line_1_8' title="bbox 289 1092 1376 1210; baseline -0.008 -44"><span class='ocrx_word' id='word_1_46' title='bbox 289 1110 454 1190; x_wconf 83' lang='lat' dir='ltr'><strong>nequeant,</strong></span> <span class='ocrx_word' id='word_1_47' title='bbox 476 1093 572 1210; x_wconf 70' lang='lat' dir='ltr'><strong>idcpue</strong></span> <span class='ocrx_word' id='word_1_48' title='bbox 598 1092 691 1162; x_wconf 87' lang='lat' dir='ltr'><strong>simul</strong></span> <span class='ocrx_word' id='word_1_49' title='bbox 718 1121 848 1166; x_wconf 88' lang='lat' dir='ltr'><strong>causam</strong></span> <span class='ocrx_word' id='word_1_50' title='bbox 870 1123 939 1168; x_wconf 92' lang='lat' dir='ltr'><strong>esse</strong></span> <span class='ocrx_word' id='word_1_51' title='bbox 967 1115 1091 1184; x_wconf 90' lang='lat' dir='ltr'><strong>censet,</strong></span> <span class='ocrx_word' id='word_1_52' title='bbox 1120 1121 1175 1164; x_wconf 91' lang='lat' dir='ltr'><strong>cor</strong></span> <span class='ocrx_word' id='word_1_53' title='bbox 1195 1095 1295 1165; x_wconf 71' lang='lat' dir='ltr'><strong>&#39;initio</strong></span> <span class='ocrx_word' id='word_1_54' title='bbox 1373 1151 1376 1157; x_wconf 91' lang='lat'><em>.</em></span> 
     </span>
     <span class='ocr_line' id='line_1_9' title="bbox 289 1195 1294 1292; baseline -0.001 -25"><span class='ocrx_word' id='word_1_55' title='bbox 289 1201 352 1268; x_wconf 88' lang='lat' dir='ltr'><strong>sint</strong></span> <span class='ocrx_word' id='word_1_56' title='bbox 374 1197 537 1281; x_wconf 85' lang='lat' dir='ltr'><strong>tardiores,</strong></span> <span class='ocrx_word' id='word_1_57' title='bbox 559 1195 593 1265; x_wconf 91' lang='lat' dir='ltr'><strong>iu</strong></span> <span class='ocrx_word' id='word_1_58' title='bbox 608 1197 669 1265; x_wconf 85' lang='lat' dir='ltr'><strong>fine</strong></span> <span class='ocrx_word' id='word_1_59' title='bbox 685 1198 950 1285; x_wconf 57' lang='lat' dir='ltr'><strong>vehementiorem</strong></span> <span class='ocrx_word' id='word_1_60' title='bbox 978 1219 1088 1272; x_wconf 89' lang='lat' dir='ltr'><strong>contra</strong></span> <span class='ocrx_word' id='word_1_61' title='bbox 1101 1223 1176 1269; x_wconf 89' lang='lat' dir='ltr'><strong>vero</strong></span> <span class='ocrx_word' id='word_1_62' title='bbox 1192 1200 1294 1292; x_wconf 86' lang='lat' dir='ltr'><strong>Aqui-</strong></span> 
     </span>
     <span class='ocr_line' id='line_1_10' title="bbox 289 1299 1294 1400; baseline -0.001 -29"><span class='ocrx_word' id='word_1_63' title='bbox 289 1305 379 1372; x_wconf 87' lang='lat' dir='ltr'><strong>lones</strong></span> <span class='ocrx_word' id='word_1_64' title='bbox 415 1299 617 1372; x_wconf 84' lang='lat' dir='ltr'><strong>vehementes</strong></span> <span class='ocrx_word' id='word_1_65' title='bbox 646 1303 812 1400; x_wconf 83' lang='lat' dir='ltr'><strong>incipiant,</strong></span> <span class='ocrx_word' id='word_1_66' title='bbox 853 1308 945 1400; x_wconf 85' lang='lat' dir='ltr'><strong>parvi</strong></span> <span class='ocrx_word' id='word_1_67' title='bbox 978 1305 1142 1374; x_wconf 86' lang='lat' dir='ltr'><strong>desistant.</strong></span> <span class='ocrx_word' id='word_1_68' title='bbox 1191 1300 1294 1370; x_wconf 85' lang='lat' dir='ltr'><strong>Recte</strong></span> 
     </span>
     <span class='ocr_line' id='line_1_11' title="bbox 287 1405 1293 1502; baseline -0.005 -26"><span class='ocrx_word' id='word_1_69' title='bbox 287 1409 384 1477; x_wconf 88' lang='lat' dir='ltr'><strong>etiarn</strong></span> <span class='ocrx_word' id='word_1_70' title='bbox 405 1409 575 1494; x_wconf 83' lang='lat' dir='ltr'><strong>monet¹⁹)‚</strong></span> <span class='ocrx_word' id='word_1_71' title='bbox 598 1407 699 1476; x_wconf 89' lang='lat' dir='ltr'><strong>miuus</strong></span> <span class='ocrx_word' id='word_1_72' title='bbox 723 1409 867 1478; x_wconf 88' lang='lat' dir='ltr'><strong>noctibus</strong></span> <span class='ocrx_word' id='word_1_73' title='bbox 890 1410 1038 1494; x_wconf 88' lang='lat' dir='ltr'><strong>hibernis,</strong></span> <span class='ocrx_word' id='word_1_74' title='bbox 1063 1405 1293 1502; x_wconf 77' lang='lat' dir='ltr'><strong>quamdiebus</strong></span> 
     </span>
     <span class='ocr_line' id='line_1_12' title="bbox 289 1509 1297 1608; baseline -0.004 -27"><span class='ocrx_word' id='word_1_75' title='bbox 289 1513 325 1581; x_wconf 91' lang='lat' dir='ltr'><strong>in</strong></span> <span class='ocrx_word' id='word_1_76' title='bbox 347 1513 485 1582; x_wconf 84' lang='lat' dir='ltr'><strong>Graecia</strong></span> <span class='ocrx_word' id='word_1_77' title='bbox 507 1512 584 1584; x_wconf 85' lang='lat' dir='ltr'><strong>flare</strong></span> <span class='ocrx_word' id='word_1_78' title='bbox 599 1516 767 1583; x_wconf 87' lang='lat' dir='ltr'><strong>Austrum:</strong></span> <span class='ocrx_word' id='word_1_79' title='bbox 800 1537 994 1600; x_wconf 82' lang='lat' dir='ltr'><strong>causavero,</strong></span> <span class='ocrx_word' id='word_1_80' title='bbox 1018 1537 1112 1608; x_wconf 90' lang='lat' dir='ltr'><strong>quam</strong></span> <span class='ocrx_word' id='word_1_81' title='bbox 1133 1509 1297 1607; x_wconf 83' lang='lat' dir='ltr'><strong>proponit,</strong></span> 
     </span>
     <span class='ocr_line' id='line_1_13' title="bbox 289 1614 1297 1713; baseline -0.002 -27"><span class='ocrx_word' id='word_1_82' title='bbox 289 1617 412 1687; x_wconf 88' lang='lat' dir='ltr'><strong>mdlam</strong></span> <span class='ocrx_word' id='word_1_83' title='bbox 441 1617 582 1687; x_wconf 85' lang='lat' dir='ltr'><strong>veritatis</strong></span> <span class='ocrx_word' id='word_1_84' title='bbox 605 1619 743 1712; x_wconf 91' lang='lat' dir='ltr'><strong>speciem</strong></span> <span class='ocrx_word' id='word_1_85' title='bbox 763 1642 840 1713; x_wconf 91' lang='lat' dir='ltr'><strong>prae</strong></span> <span class='ocrx_word' id='word_1_86' title='bbox 867 1642 900 1688; x_wconf 93' lang='lat' dir='ltr'><strong>se</strong></span> <span class='ocrx_word' id='word_1_87' title='bbox 920 1619 991 1687; x_wconf 84' lang='lat' dir='ltr'><strong>lert.</strong></span> <span class='ocrx_word' id='word_1_88' title='bbox 1034 1618 1206 1686; x_wconf 84' lang='lat' dir='ltr'><strong>Meliorem</strong></span> <span class='ocrx_word' id='word_1_89' title='bbox 1230 1614 1297 1684; x_wconf 85' lang='lat' dir='ltr'><strong>iam</strong></span> 
     </span>
     <span class='ocr_line' id='line_1_14' title="bbox 289 1719 1295 1818; baseline -0.007 -26"><span class='ocrx_word' id='word_1_90' title='bbox 289 1739 399 1792; x_wconf 88' lang='lat' dir='ltr'><strong>nostra</strong></span> <span class='ocrx_word' id='word_1_91' title='bbox 435 1739 536 1792; x_wconf 90' lang='lat' dir='ltr'><strong>aetate</strong></span> <span class='ocrx_word' id='word_1_92' title='bbox 569 1723 653 1792; x_wconf 92' lang='lat' dir='ltr'><strong>illius</strong></span> <span class='ocrx_word' id='word_1_93' title='bbox 682 1719 894 1816; x_wconf 87' lang='lat' dir='ltr'><strong>phaenomeni</strong></span> <span class='ocrx_word' id='word_1_94' title='bbox 922 1721 1160 1818; x_wconf 87' lang='lat' dir='ltr'><strong>explicationem</strong></span> <span class='ocrx_word' id='word_1_95' title='bbox 1187 1719 1295 1788; x_wconf 85' lang='lat' dir='ltr'><strong>afferre</strong></span> 
     </span>
     <span class='ocr_line' id='line_1_15' title="bbox 290 1821 1297 1920; baseline -0.001 -27"><span class='ocrx_word' id='word_1_96' title='bbox 290 1837 477 1920; x_wconf 80' lang='lat' dir='ltr'><strong>possumus:</strong></span> <span class='ocrx_word' id='word_1_97' title='bbox 513 1827 616 1896; x_wconf 87' lang='lat' dir='ltr'><strong>hieme</strong></span> <span class='ocrx_word' id='word_1_98' title='bbox 646 1853 730 1920; x_wconf 86' lang='lat' dir='ltr'><strong>aqua</strong></span> <span class='ocrx_word' id='word_1_99' title='bbox 759 1828 854 1896; x_wconf 87' lang='lat' dir='ltr'><strong>maris</strong></span> <span class='ocrx_word' id='word_1_100' title='bbox 876 1826 1098 1896; x_wconf 86' lang='lat' dir='ltr'><strong>mediterranei</strong></span> <span class='ocrx_word' id='word_1_101' title='bbox 1120 1850 1139 1894; x_wconf 90' lang='lat' dir='ltr'><strong>a</strong></span> <span class='ocrx_word' id='word_1_102' title='bbox 1162 1821 1297 1896; x_wconf 79' lang='lat' dir='ltr'><strong>Graecia</strong></span> 
     </span>
     <span class='ocr_line' id='line_1_16' title="bbox 290 1924 1296 2025; baseline -0.004 -27"><span class='ocrx_word' id='word_1_103' title='bbox 290 1932 333 1998; x_wconf 85' lang='lat' dir='ltr'><strong>ad</strong></span> <span class='ocrx_word' id='word_1_104' title='bbox 348 1933 497 1998; x_wconf 79' lang='lat' dir='ltr'><strong>Austrum</strong></span> <span class='ocrx_word' id='word_1_105' title='bbox 521 1955 630 1998; x_wconf 87' lang='lat' dir='ltr'><strong>versus</strong></span> <span class='ocrx_word' id='word_1_106' title='bbox 652 1929 851 2025; x_wconf 89' lang='lat' dir='ltr'><strong>potissimum</strong></span> <span class='ocrx_word' id='word_1_107' title='bbox 873 1955 943 2000; x_wconf 89' lang='lat' dir='ltr'><strong>sese</strong></span> <span class='ocrx_word' id='word_1_108' title='bbox 966 1931 1172 2016; x_wconf 80' lang='lat' dir='ltr'><strong>extendentis,</strong></span> <span class='ocrx_word' id='word_1_109' title='bbox 1193 1924 1296 1997; x_wconf 89' lang='lat' dir='ltr'><strong>nocti-</strong></span> 
     </span>
     <span class='ocr_line' id='line_1_17' title="bbox 287 2029 1298 2127; baseline -0.001 -27"><span class='ocrx_word' id='word_1_110' title='bbox 287 2033 347 2100; x_wconf 88' lang='lat' dir='ltr'><strong>bus</strong></span> <span class='ocrx_word' id='word_1_111' title='bbox 379 2032 511 2100; x_wconf 87' lang='lat' dir='ltr'><strong>calidior</strong></span> <span class='ocrx_word' id='word_1_112' title='bbox 538 2049 588 2100; x_wconf 92' lang='lat' dir='ltr'><strong>est</strong></span> <span class='ocrx_word' id='word_1_113' title='bbox 616 2057 712 2125; x_wconf 89' lang='lat' dir='ltr'><strong>quam</strong></span> <span class='ocrx_word' id='word_1_114' title='bbox 734 2051 837 2102; x_wconf 84' lang='lat' dir='ltr'><strong>terra:</strong></span> <span class='ocrx_word' id='word_1_115' title='bbox 871 2036 978 2127; x_wconf 87' lang='lat' dir='ltr'><strong>itaque</strong></span> <span class='ocrx_word' id='word_1_116' title='bbox 999 2037 1086 2104; x_wconf 84' lang='lat' dir='ltr'><strong>venti</strong></span> <span class='ocrx_word' id='word_1_117' title='bbox 1108 2060 1128 2102; x_wconf 90' lang='lat' dir='ltr'><strong>a</strong></span> <span class='ocrx_word' id='word_1_118' title='bbox 1150 2051 1233 2102; x_wconf 84' lang='lat' dir='ltr'><strong>terra</strong></span> <span class='ocrx_word' id='word_1_119' title='bbox 1254 2029 1298 2100; x_wconf 85' lang='lat' dir='ltr'><strong>ad</strong></span> 
     </span>
     <span class='ocr_line' id='line_1_18' title="bbox 288 2135 1296 2229; baseline 0.002 -27"><span class='ocrx_word' id='word_1_120' title='bbox 288 2159 377 2203; x_wconf 89' lang='lat' dir='ltr'><strong>mare</strong></span> <span class='ocrx_word' id='word_1_121' title='bbox 399 2135 520 2229; x_wconf 88' lang='lat' dir='ltr'><strong>spirent</strong></span> <span class='ocrx_word' id='word_1_122' title='bbox 541 2159 670 2202; x_wconf 91' lang='lat' dir='ltr'><strong>necesse</strong></span> <span class='ocrx_word' id='word_1_123' title='bbox 694 2151 758 2202; x_wconf 84' lang='lat' dir='ltr'><strong>ost:</strong></span> <span class='ocrx_word' id='word_1_124' title='bbox 788 2136 838 2202; x_wconf 89' lang='lat' dir='ltr'><strong>die</strong></span> <span class='ocrx_word' id='word_1_125' title='bbox 860 2153 964 2204; x_wconf 88' lang='lat' dir='ltr'><strong>autem</strong></span> <span class='ocrx_word' id='word_1_126' title='bbox 987 2137 1066 2204; x_wconf 91' lang='lat' dir='ltr'><strong>solis</strong></span> <span class='ocrx_word' id='word_1_127' title='bbox 1088 2135 1187 2204; x_wconf 90' lang='lat' dir='ltr'><strong>radiis</strong></span> <span class='ocrx_word' id='word_1_128' title='bbox 1209 2153 1296 2204; x_wconf 88' lang='lat' dir='ltr'><strong>terra</strong></span> 
     </span>
     <span class='ocr_line' id='line_1_19' title="bbox 288 2237 1346 2322; baseline -0.002 -14"><span class='ocrx_word' id='word_1_129' title='bbox 288 2238 458 2322; x_wconf 88' lang='lat' dir='ltr'><strong>incalescit,</strong></span> <span class='ocrx_word' id='word_1_130' title='bbox 480 2237 562 2306; x_wconf 89' lang='lat' dir='ltr'><strong>unde</strong></span> <span class='ocrx_word' id='word_1_131' title='bbox 587 2237 704 2306; x_wconf 83' lang='lat' dir='ltr'><strong>amari</strong></span> <span class='ocrx_word' id='word_1_132' title='bbox 719 2237 758 2306; x_wconf 82' lang='lat' dir='ltr'><strong>ad</strong></span> <span class='ocrx_word' id='word_1_133' title='bbox 774 2253 889 2306; x_wconf 86' lang='lat' dir='ltr'><strong>terram</strong></span> <span class='ocrx_word' id='word_1_134' title='bbox 903 2240 1020 2308; x_wconf 88' lang='lat' dir='ltr'><strong>Austri</strong></span> <span class='ocrx_word' id='word_1_135' title='bbox 1041 2238 1132 2308; x_wconf 87' lang='lat' dir='ltr'><strong>llant.</strong></span> <span class='ocrx_word' id='word_1_136' title='bbox 1175 2244 1293 2310; x_wconf 88' lang='lat' dir='ltr'><strong>Austro</strong></span> <span class='ocrx_word' id='word_1_137' title='bbox 1344 2247 1346 2254; x_wconf 89' lang='lat'>&#39;</span> 
     </span>
    </p>
   </div>
   <div class='ocr_carea' id='block_1_3' title="bbox 289 2325 1294 2859">
    <p class='ocr_par' dir='ltr' id='par_1_3' title="bbox 289 2325 1294 2859">
     <span class='ocr_line' id='line_1_20' title="bbox 290 2325 1293 2438; baseline -0.002 -24"><span class='ocrx_word' id='word_1_138' title='bbox 290 2345 454 2414; x_wconf 86' lang='lat' dir='ltr'><strong>succedere</strong></span> <span class='ocrx_word' id='word_1_139' title='bbox 482 2341 562 2412; x_wconf 90' lang='lat' dir='ltr'><strong>solet</strong></span> <span class='ocrx_word' id='word_1_140' title='bbox 584 2341 717 2436; x_wconf 90' lang='lat' dir='ltr'><strong>Aquilo,</strong></span> <span class='ocrx_word' id='word_1_141' title='bbox 740 2367 805 2411; x_wconf 89' lang='lat' dir='ltr'><strong>non</strong></span> <span class='ocrx_word' id='word_1_142' title='bbox 834 2325 987 2438; x_wconf 78' lang='lat' dir='ltr'><strong>Aquiloni</strong></span> <span class='ocrx_word' id='word_1_143' title='bbox 1009 2344 1145 2432; x_wconf 91' lang='lat' dir='ltr'><strong>Auster,</strong></span> <span class='ocrx_word' id='word_1_144' title='bbox 1176 2367 1293 2436; x_wconf 75' lang='lat' dir='ltr'><strong>resque</strong></span> 
     </span>
     <span class='ocr_line' id='line_1_21' title="bbox 289 2447 1294 2542; baseline -0.002 -26"><span class='ocrx_word' id='word_1_145' title='bbox 289 2449 447 2518; x_wconf 86' lang='lat' dir='ltr'><strong>contraria</strong></span> <span class='ocrx_word' id='word_1_146' title='bbox 469 2449 583 2517; x_wconf 89' lang='lat' dir='ltr'><strong>accidit</strong></span> <span class='ocrx_word' id='word_1_147' title='bbox 605 2448 690 2542; x_wconf 89' lang='lat' dir='ltr'><strong>apud</strong></span> <span class='ocrx_word' id='word_1_148' title='bbox 712 2471 784 2534; x_wconf 87' lang='lat' dir='ltr'><strong>eos,</strong></span> <span class='ocrx_word' id='word_1_149' title='bbox 807 2447 860 2542; x_wconf 89' lang='lat' dir='ltr'><strong>qui</strong></span> <span class='ocrx_word' id='word_1_150' title='bbox 881 2449 1044 2518; x_wconf 88' lang='lat' dir='ltr'><strong>meridiem</strong></span> <span class='ocrx_word' id='word_1_151' title='bbox 1071 2472 1181 2517; x_wconf 84' lang='lat' dir='ltr'><strong>versus</strong></span> <span class='ocrx_word' id='word_1_152' title='bbox 1203 2447 1294 2515; x_wconf 87' lang='lat' dir='ltr'><strong>hahi-</strong></span> 
     </span>
     <span class='ocr_line' id='line_1_22' title="bbox 289 2551 1292 2648; baseline -0.001 -27"><span class='ocrx_word' id='word_1_153' title='bbox 289 2569 368 2638; x_wconf 88' lang='lat' dir='ltr'><strong>tant,</strong></span> <span class='ocrx_word' id='word_1_154' title='bbox 390 2551 785 2646; x_wconf 66' lang='lat' dir='ltr'><strong>teste‘Theoplrrasto</strong></span> <span class='ocrx_word' id='word_1_155' title='bbox 800 2557 863 2640; x_wconf 81' lang='lat'><strong>²⁰),</strong></span> <span class='ocrx_word' id='word_1_156' title='bbox 891 2555 978 2648; x_wconf 90' lang='lat' dir='ltr'><strong>apud</strong></span> <span class='ocrx_word' id='word_1_157' title='bbox 1000 2578 1079 2648; x_wconf 92' lang='lat' dir='ltr'><strong>quos</strong></span> <span class='ocrx_word' id='word_1_158' title='bbox 1102 2556 1227 2637; x_wconf 91' lang='lat' dir='ltr'><strong>Auster,</strong></span> <span class='ocrx_word' id='word_1_159' title='bbox 1250 2552 1292 2621; x_wconf 88' lang='lat' dir='ltr'><strong>si-</strong></span> 
     </span>
     <span class='ocr_line' id='line_1_23' title="bbox 292 2657 1291 2750; baseline -0.006 -22"><span class='ocrx_word' id='word_1_160' title='bbox 292 2659 357 2728; x_wconf 88' lang='lat' dir='ltr'><strong>cuti</strong></span> <span class='ocrx_word' id='word_1_161' title='bbox 377 2658 410 2726; x_wconf 88' lang='lat' dir='ltr'><strong>in</strong></span> <span class='ocrx_word' id='word_1_162' title='bbox 431 2674 500 2727; x_wconf 86' lang='lat' dir='ltr'><strong>tota</strong></span> <span class='ocrx_word' id='word_1_163' title='bbox 520 2657 650 2742; x_wconf 88' lang='lat' dir='ltr'><strong>Arabia,</strong></span> <span class='ocrx_word' id='word_1_164' title='bbox 673 2682 803 2726; x_wconf 89' lang='lat' dir='ltr'><strong>serenus</strong></span> <span class='ocrx_word' id='word_1_165' title='bbox 827 2661 926 2739; x_wconf 88' lang='lat' dir='ltr'><strong>est²¹)</strong></span> <span class='ocrx_word' id='word_1_166' title='bbox 948 2675 980 2728; x_wconf 89' lang='lat' dir='ltr'><strong>et</strong></span> <span class='ocrx_word' id='word_1_167' title='bbox 1008 2657 1161 2750; x_wconf 82' lang='lat' dir='ltr'><strong>frigidior,</strong></span> <span class='ocrx_word' id='word_1_168' title='bbox 1185 2681 1291 2749; x_wconf 90' lang='lat' dir='ltr'><strong>quem·</strong></span> 
     </span>
     <span class='ocr_line' id='line_1_24' title="bbox 292 2761 1292 2859; baseline -0.005 -27"><span class='ocrx_word' id='word_1_169' title='bbox 292 2765 464 2832; x_wconf 90' lang='lat' dir='ltr'><strong>admodum</strong></span> <span class='ocrx_word' id='word_1_170' title='bbox 500 2761 535 2830; x_wconf 87' lang='lat' dir='ltr'><strong>in</strong></span> <span class='ocrx_word' id='word_1_171' title='bbox 576 2762 736 2857; x_wconf 90' lang='lat' dir='ltr'><strong>superiore</strong></span> <span class='ocrx_word' id='word_1_172' title='bbox 772 2765 981 2859; x_wconf 82' lang='lat' dir='ltr'><strong>Aegypto²²).</strong></span> <span class='ocrx_word' id='word_1_173' title='bbox 1024 2763 1167 2830; x_wconf 86' lang='lat' dir='ltr'><strong>&#39;Causam</strong></span> <span class='ocrx_word' id='word_1_174' title='bbox 1203 2761 1292 2829; x_wconf 81' lang='lat' dir='ltr'><strong>affert</strong></span> 
     </span>
    </p>
   </div>
   <div class='ocr_carea' id='block_1_4' title="bbox 293 2941 1294 3361">
    <p class='ocr_par' dir='ltr' id='par_1_4' title="bbox 293 2941 1294 3189">
     <span class='ocr_line' id='line_1_25' title="bbox 293 2941 1293 3022; baseline -0.006 -19"><span class='ocrx_word' id='word_1_175' title='bbox 293 2947 342 3014; x_wconf 88' lang='lat'><strong>16)</strong></span> <span class='ocrx_word' id='word_1_176' title='bbox 365 2946 446 3000; x_wconf 85' lang='lat' dir='ltr'><strong>Nihil</strong></span> <span class='ocrx_word' id='word_1_177' title='bbox 469 2945 587 3000; x_wconf 90' lang='lat' dir='ltr'><strong>omnino</strong></span> <span class='ocrx_word' id='word_1_178' title='bbox 604 2945 779 3020; x_wconf 82' lang='lat' dir='ltr'><strong>frequentius</strong></span> <span class='ocrx_word' id='word_1_179' title='bbox 796 2955 852 3015; x_wconf 84' lang='lat' dir='ltr'><strong>est,</strong></span> <span class='ocrx_word' id='word_1_180' title='bbox 872 2963 960 3022; x_wconf 85' lang='lat' dir='ltr'><strong>quam</strong></span> <span class='ocrx_word' id='word_1_181' title='bbox 977 2962 1089 3002; x_wconf 79' lang='lat' dir='ltr'><strong>oausam</strong></span> <span class='ocrx_word' id='word_1_182' title='bbox 1107 2961 1174 3001; x_wconf 88' lang='lat' dir='ltr'><strong>oum</strong></span> <span class='ocrx_word' id='word_1_183' title='bbox 1192 2941 1293 2998; x_wconf 80' lang='lat' dir='ltr'><strong>effectu</strong></span> 
     </span>
     <span class='ocr_line' id='line_1_26' title="bbox 361 3028 1294 3106; baseline -0.001 -22"><span class='ocrx_word' id='word_1_184' title='bbox 361 3029 531 3084; x_wconf 86' lang='lat' dir='ltr'><strong>commutari</strong></span> <span class='ocrx_word' id='word_1_185' title='bbox 545 3029 621 3100; x_wconf 79' lang='lat' dir='ltr'><strong>apud</strong></span> <span class='ocrx_word' id='word_1_186' title='bbox 640 3028 703 3084; x_wconf 85' lang='lat' dir='ltr'><strong>illas</strong></span> <span class='ocrx_word' id='word_1_187' title='bbox 721 3041 827 3101; x_wconf 82' lang='lat' dir='ltr'><strong>gaules,</strong></span> <span class='ocrx_word' id='word_1_188' title='bbox 848 3034 925 3104; x_wconf 85' lang='lat' dir='ltr'><strong>apud</strong></span> <span class='ocrx_word' id='word_1_189' title='bbox 944 3051 1015 3106; x_wconf 87' lang='lat' dir='ltr'><strong>quas</strong></span> <span class='ocrx_word' id='word_1_190' title='bbox 1032 3033 1160 3086; x_wconf 88' lang='lat' dir='ltr'><strong>nondum</strong></span> <span class='ocrx_word' id='word_1_191' title='bbox 1177 3030 1213 3084; x_wconf 83' lang='lat' dir='ltr'><strong>ed</strong></span> <span class='ocrx_word' id='word_1_192' title='bbox 1232 3029 1294 3084; x_wconf 86' lang='lat' dir='ltr'><strong>exl-</strong></span> 
     </span>
     <span class='ocr_line' id='line_1_27' title="bbox 360 3115 1292 3189; baseline 0.001 -19"><span class='ocrx_word' id='word_1_193' title='bbox 360 3116 454 3170; x_wconf 90' lang='lat' dir='ltr'><strong>mium</strong></span> <span class='ocrx_word' id='word_1_194' title='bbox 475 3125 607 3170; x_wconf 85' lang='lat' dir='ltr'><strong>naturam</strong></span> <span class='ocrx_word' id='word_1_195' title='bbox 624 3115 760 3169; x_wconf 75' lang='lat' dir='ltr'><strong>nectendi</strong></span> <span class='ocrx_word' id='word_1_196' title='bbox 779 3117 850 3170; x_wconf 87' lang='lat' dir='ltr'><strong>ratio</strong></span> <span class='ocrx_word' id='word_1_197' title='bbox 868 3117 1015 3189; x_wconf 83' lang='lat' dir='ltr'><strong>fastigium</strong></span> <span class='ocrx_word' id='word_1_198' title='bbox 1032 3119 1133 3172; x_wconf 83' lang='lat' dir='ltr'><strong>educta</strong></span> <span class='ocrx_word' id='word_1_199' title='bbox 1151 3127 1202 3173; x_wconf 86' lang='lat' dir='ltr'><strong>est.</strong></span> <span class='ocrx_word' id='word_1_200' title='bbox 1237 3116 1292 3171; x_wconf 82' lang='lat' dir='ltr'><strong>cn.</strong></span> 
     </span>
    </p>

    <p class='ocr_par' dir='ltr' id='par_1_5' title="bbox 302 3201 1293 3361">
     <span class='ocr_line' id='line_1_28' title="bbox 302 3201 1293 3274; baseline -0.003 -14"><span class='ocrx_word' id='word_1_201' title='bbox 302 3249 305 3260; x_wconf 92' lang='lat'>.</span> <span class='ocrx_word' id='word_1_202' title='bbox 362 3204 508 3273; x_wconf 78' lang='lat' dir='ltr'><strong>exempla,</strong></span> <span class='ocrx_word' id='word_1_203' title='bbox 532 3217 605 3274; x_wconf 85' lang='lat' dir='ltr'><strong>quae</strong></span> <span class='ocrx_word' id='word_1_204' title='bbox 623 3202 783 3272; x_wconf 85' lang='lat' dir='ltr'><strong>composuit</strong></span> <span class='ocrx_word' id='word_1_205' title='bbox 800 3205 1010 3261; x_wconf 79' lang='lat' dir='ltr'><strong>Alexander</strong></span> <span class='ocrx_word' id='word_1_206' title='bbox 1032 3204 1074 3260; x_wconf 85' lang='lat' dir='ltr'><strong>ab</strong></span> <span class='ocrx_word' id='word_1_207' title='bbox 1092 3201 1293 3260; x_wconf 84' lang='lat' dir='ltr'><strong>Humboltlt</strong></span> 
     </span>
     <span class='ocr_line' id='line_1_29' title="bbox 361 3288 853 3361; baseline 0 -15"><span class='ocrx_word' id='word_1_208' title='bbox 361 3289 515 3346; x_wconf 71' lang='lat' dir='ltr'><strong>Ansicmen</strong></span> <span class='ocrx_word' id='word_1_209' title='bbox 533 3288 583 3342; x_wconf 83' lang='lat' dir='ltr'><strong>der</strong></span> <span class='ocrx_word' id='word_1_210' title='bbox 600 3291 732 3342; x_wconf 74' lang='lat' dir='ltr'><strong>Natant.</strong></span> <span class='ocrx_word' id='word_1_211' title='bbox 751 3307 780 3361; x_wconf 88' lang='lat' dir='ltr'><strong>p.</strong></span> <span class='ocrx_word' id='word_1_212' title='bbox 792 3297 853 3348; x_wconf 80' lang='lat'><strong>1³0.</strong></span> 
     </span>
    </p>
   </div>
   <div class='ocr_carea' id='block_1_5' title="bbox 279 3393 1265 3894">
    <p class='ocr_par' dir='ltr' id='par_1_6' title="bbox 293 3393 847 3473">
     <span class='ocr_line' id='line_1_30' title="bbox 293 3393 847 3473; baseline -0.018 -15"><span class='ocrx_word' id='word_1_213' title='bbox 293 3405 340 3473; x_wconf 88' lang='grc'><strong>17)</strong></span> <span class='ocrx_word' id='word_1_214' title='bbox 363 3395 618 3463; x_wconf 74' lang='lat' dir='ltr'><strong>Problemxxvl,</strong></span> <span class='ocrx_word' id='word_1_215' title='bbox 638 3403 681 3452; x_wconf 85' lang='lat'><strong>10.</strong></span> <span class='ocrx_word' id='word_1_216' title='bbox 701 3393 801 3467; x_wconf 59' lang='grc'><strong>14941,</strong></span> <span class='ocrx_word' id='word_1_217' title='bbox 822 3414 847 3451; x_wconf 82' lang='lat' dir='ltr'><strong>a.</strong></span> 
     </span>
    </p>

    <p class='ocr_par' dir='ltr' id='par_1_7' title="bbox 293 3497 1265 3684">
     <span class='ocr_line' id='line_1_31' title="bbox 293 3497 1265 3581; baseline -0.017 -10"><span class='ocrx_word' id='word_1_218' title='bbox 293 3511 342 3581; x_wconf 86' lang='lat' dir='ltr'><strong>ts)</strong></span> <span class='ocrx_word' id='word_1_219' title='bbox 366 3505 617 3572; x_wconf 61' lang='lat' dir='ltr'><strong>nottenxxvr,</strong></span> <span class='ocrx_word' id='word_1_220' title='bbox 638 3499 684 3560; x_wconf 80' lang='lat' dir='ltr'><strong>tr.</strong></span> <span class='ocrx_word' id='word_1_221' title='bbox 705 3500 806 3576; x_wconf 64' lang='lat' dir='ltr'><strong>pots,</strong></span> <span class='ocrx_word' id='word_1_222' title='bbox 824 3520 850 3566; x_wconf 77' lang='lat' dir='ltr'><strong>a.</strong></span> <span class='ocrx_word' id='word_1_223' title='bbox 869 3503 1034 3570; x_wconf 70' lang='lat' dir='ltr'><strong>cfrxxvt</strong></span> <span class='ocrx_word' id='word_1_224' title='bbox 1053 3497 1097 3562; x_wconf 80' lang='lat' dir='ltr'><strong>tt.</strong></span> <span class='ocrx_word' id='word_1_225' title='bbox 1115 3497 1217 3575; x_wconf 70' lang='lat' dir='ltr'><strong>pals,</strong></span> <span class='ocrx_word' id='word_1_226' title='bbox 1237 3500 1265 3556; x_wconf 80' lang='lat' dir='ltr'><strong>b.</strong></span> 
     </span>
     <span class='ocr_line' id='line_1_32' title="bbox 293 3591 797 3684; baseline -0.022 -10"><span class='ocrx_word' id='word_1_227' title='bbox 293 3617 338 3684; x_wconf 80' lang='lat'><strong>19)</strong></span> <span class='ocrx_word' id='word_1_228' title='bbox 361 3613 571 3679; x_wconf 69' lang='lat' dir='ltr'><strong>erastum,</strong></span> <span class='ocrx_word' id='word_1_229' title='bbox 593 3619 635 3670; x_wconf 88' lang='lat'><strong>11.</strong></span> <span class='ocrx_word' id='word_1_230' title='bbox 654 3629 681 3682; x_wconf 85' lang='lat' dir='ltr'><strong>p.</strong></span> <span class='ocrx_word' id='word_1_231' title='bbox 690 3591 797 3678; x_wconf 64' lang='lat' dir='ltr'><strong>stne.</strong></span> 
     </span>
    </p>

    <p class='ocr_par' dir='ltr' id='par_1_8' title="bbox 293 3717 712 3791">
     <span class='ocr_line' id='line_1_33' title="bbox 293 3717 712 3791; baseline -0.031 -11"><span class='ocrx_word' id='word_1_232' title='bbox 293 3721 342 3791; x_wconf 80' lang='lat'><strong>20)</strong></span> <span class='ocrx_word' id='word_1_233' title='bbox 362 3725 403 3774; x_wconf 88' lang='lat' dir='ltr'><strong>Dc</strong></span> <span class='ocrx_word' id='word_1_234' title='bbox 419 3717 520 3774; x_wconf 77' lang='lat' dir='ltr'><strong>ventis·</strong></span> <span class='ocrx_word' id='word_1_235' title='bbox 537 3719 589 3788; x_wconf 88' lang='lat'><strong>§9.</strong></span> <span class='ocrx_word' id='word_1_236' title='bbox 607 3735 635 3788; x_wconf 85' lang='lat' dir='ltr'><strong>p.</strong></span> <span class='ocrx_word' id='word_1_237' title='bbox 645 3717 712 3777; x_wconf 71' lang='grc'><strong>761,</strong></span> 
     </span>
    </p>

    <p class='ocr_par' dir='ltr' id='par_1_9' title="bbox 279 3820 734 3894">
     <span class='ocr_line' id='line_1_34' title="bbox 279 3820 734 3894; baseline -0.013 -12"><span class='ocrx_word' id='word_1_238' title='bbox 279 3829 343 3894; x_wconf 72' lang='lat' dir='ltr'><strong>ar)</strong></span> <span class='ocrx_word' id='word_1_239' title='bbox 364 3825 456 3880; x_wconf 80' lang='lat' dir='ltr'><strong>erin.</strong></span> <span class='ocrx_word' id='word_1_240' title='bbox 474 3825 547 3878; x_wconf 73' lang='lat' dir='ltr'><strong>nur.</strong></span> <span class='ocrx_word' id='word_1_241' title='bbox 565 3825 670 3891; x_wconf 76' lang='lat' dir='ltr'><strong>narrt,</strong></span> <span class='ocrx_word' id='word_1_242' title='bbox 688 3820 734 3880; x_wconf 82' lang='lat' dir='ltr'><strong>ts.</strong></span> 
     </span>
    </p>
   </div>
   <div class='ocr_carea' id='block_1_6' title="bbox 293 3911 1292 4098">
    <p class='ocr_par' dir='ltr' id='par_1_10' title="bbox 293 3911 1292 4098">
     <span class='ocr_line' id='line_1_35' title="bbox 293 3911 1292 4002; baseline -0.006 -14"><span class='ocrx_word' id='word_1_243' title='bbox 293 3930 343 4002; x_wconf 82' lang='lat'><strong>22)</strong></span> <span class='ocrx_word' id='word_1_244' title='bbox 366 3929 556 3984; x_wconf 84' lang='lat' dir='ltr'><strong>Aristotel.</strong></span> <span class='ocrx_word' id='word_1_245' title='bbox 581 3919 863 3996; x_wconf 77' lang='lat' dir='ltr'><strong>erott.xxv1,t9.</strong></span> <span class='ocrx_word' id='word_1_246' title='bbox 889 3943 919 4002; x_wconf 80' lang='lat' dir='ltr'><strong>p·</strong></span> <span class='ocrx_word' id='word_1_247' title='bbox 929 3911 992 3998; x_wconf 66' lang='grc'><strong>9145,</strong></span> <span class='ocrx_word' id='word_1_248' title='bbox 1002 3923 1030 3982; x_wconf 79' lang='lat' dir='ltr'><strong>lt.</strong></span> <span class='ocrx_word' id='word_1_249' title='bbox 1048 3923 1292 3996; x_wconf 76' lang='lat' dir='ltr'><strong>Theophrul.</strong></span> 
     </span>
     <span class='ocr_line' id='line_1_36' title="bbox 365 4013 675 4098; baseline -0.01 -29"><span class='ocrx_word' id='word_1_250' title='bbox 365 4013 489 4098; x_wconf 29' lang='lat' dir='ltr'><strong>delvent.</strong></span> <span class='ocrx_word' id='word_1_251' title='bbox 506 4019 558 4084; x_wconf 60' lang='lat' dir='ltr'><strong>§A</strong></span> <span class='ocrx_word' id='word_1_252' title='bbox 577 4033 604 4087; x_wconf 85' lang='lat' dir='ltr'><strong>p·</strong></span> <span class='ocrx_word' id='word_1_253' title='bbox 615 4019 675 4076; x_wconf 76' lang='lat'><em>758.</em></span> 
     </span>
    </p>
   </div>
   <div class='ocr_carea' id='block_1_7' title="bbox 0 0 1426 4730">
    <p class='ocr_par' dir='ltr' id='par_1_11' title="bbox 0 0 1426 4730">
     <span class='ocr_line' id='line_1_37' title="bbox 0 0 1426 4730; baseline 0 0"><span class='ocrx_word' id='word_1_254' title='bbox 0 0 1426 4730; x_wconf 95' lang='lat' dir='ltr'><strong> </strong></span> 
     </span>
    </p>
   </div>
  </div>
 </body>
</html>
