2846 4734
280 263 302 332 e
643 247 925 321 introductio.

282 428 372 500 cultis
394 445 468 500 ela
490 441 603 500 nature
624 428 697 522 ipsa
717 424 885 511 involutis,
913 439 948 494 ut
970 422 1014 496 ait
1034 421 1170 494 Varro
1199 427 1289 521 apntl

282 534 612 618 Ciceronem¹⁶),
648 531 793 624 avocavit
828 545 860 616 et
886 529 928 599 ad
961 529 1058 600 vitam
1087 554 1288 600 communem

281 639 420 725 adduxic
441 655 477 709 ul
499 639 539 709 de
560 637 723 724 virtruibus
737 663 784 706 ac
798 636 892 722 uitiis,
914 635 1106 730 omninoque
1129 636 1169 706 de
1191 635 1287 706 h'onis

281 759 313 813 et
334 742 427 814 malis
445 743 543 812 *rebus
575 758 747 837 quaereret.
814 740 881 840 Qui
909 740 1004 810 etiam
1024 739 1198 812 dictitabat
1224 767 1289 813 turo

281 845 468 920 Homerico.
477 873 571 918 versu
592 871 749 918 summum
770 844 865 916 totius
880 843 1101 941 philosophiae
1119 833 1292 914 continerie

293 1017 298 1026 ’
382 1021 488 1096 Ὂπι
516 1055 572 1098 τοι
593 1025 637 1122 ’ἐν
656 1015 835 1118 μεγάροισι
858 1014 968 1092 κακῖν
995 1013 1021 1092 τ’
1045 1013 1217 1110 ἆγαθόντε
1237 1022 1289 1092 re'-

737 1165 740 1182 ·
789 1153 920 1198 tumet.

284 1283 410 1354 Omnes
448 1300 552 1354 antem
591 1283 664 1354 illas
699 1281 917 1378 quaestiones,
963 1283 1125 1373 quomodo
1161 1281 1290 1369 imbres,

283 1385 631 1482 grandines,'tonitrne
652 1388 772 1473 fierent,
795 1384 907 1456 stultas
940 1403 972 1458 et
993 1377 1118 1456 inutilei
1149 1411 1220 1463 esse
1242 1387 1290 1456 di·

284 1493 391 1579 eebat,
428 1510 462 1564 nt
493 1509 601 1589 aperte
624 1509 807 1563 constater
829 1490 933 1584 primo
956 1491 1178 1588 Xenophontis
1207 1491 1291 1560 libro
1412 1487 1413 1568 ]

283 1597 554 1670 Memorabilium.
607 1595 723 1694 Neque
745 1593 888 1694 prolecto
922 1613 995 1666 unte
1034 1623 1106 1667 eum
1133 1597 1293 1669 ionicae

283 1719 420 1776 sectae
444 1703 637 1798 magistri
657 1705 756 1774 multa
777 1703 811 1772 in
834 1700 1027 1796 explicandis
1040 1701 1135 1770 a‘e'riis
1150 1702 1293 1798 phaeuo·
1412 1767 1413 1782 ,

282 1809 385 1878 menis
408 1811 615 1906 protulerunt,
647 1833 727 1904 quae
750 1807 791 1874 ad
812 1829 923 1878 sanam
950 1821 1094 1876 naturam
1116 1806 1293 1902 explicandi
1412 1805 1413 1808 '

281 1912 438 1982 rationem
459 1912 667 2007 pertinerent,
696 1935 797 2004 neque
819 1908 963 1980 meliores
991 1927 1099 2006 partes
1129 1911 1294 2005 sophistae

283 2032 426 2110 egerunt.
487 2014 578 2106 Quas
608 2015 648 2085 de
669 2014 785 2084 talibus
800 2013 909 2084 -rebus
932 2014 1192 2110 Pythagorei
1219 2040 1294 2085 sen·

283 2119 397 2189 tentius
425 2118 614 2205 habuemnt,
650 2142 706 2192 eas
734 2113 889 2190 interiisse
921 2136 970 2189 est
1000 2121 1085 2214 quod
1118 2121 1294 2194 doleamus.

283 2223 357 2293 Etsi
370 2222 622 2293 lamblichus
647 2223 780 2294 candide
798 2224 984 2308 latetur¹⁷),
1000 2222 1295 2323 Pythagoreosnon

284 2327 389 2400 solum
401 2327 746 2402 iacilelidemhabuisse
756 2331 844 2399 miris
853 2330 1086 2400 narrationibus
1097 2346 1294 2400 etcommen·

284 2426 337 2521 tis,
351 2436 410 2506 sed
419 2434 520 2506 multa
532 2435 727 2531 qnoqueeius
741 2435 864 2530 generis
876 2436 964 2532 ipsos
975 2435 1167 2507 comminisci
1178 2436 1291 2506 solitos

224 2565 226 2575 ·
283 2540 395 2612 luisse.
417 2541 606 2634 Primum)
624 2541 737 2613 deinde
750 2541 913 2612 meliorem
927 2543 1165 2611 viamualuram
1178 2541 1209 2611 e't
1221 2570 1292 2637 per·
1412 2589 1413 2592 =

285 2649 445 2720 scrutandi
465 2664 496 2720 et
510 2648 575 2722 eius
589 2647 808 2745 phaenomena
827 2647 999 2744 indagandi
1009 2665 1041 2718 et
1053 2647 1234 2744 explicandi
1244 2649 1292 2720 in·
1412 2703 1413 2706 η

272 2844 334 2922 “16)
356 2854 495 2910 Accedent.
517 2859 629 2922 Quaem
648 2855 670 2920 l,
688 2848 715 2912 lt.

202 2921 207 2944 i
287 2942 346 3008 17),
359 2943 427 2996 Veto
445 2939 624 3013 Pythagorae
640 2945 738 3012 §·138.
1201 3002 1217 3017 ,·

251 3100 253 3104 Ι
279 3027 333 3094 ts)
355 3027 432 3082 Ante
449 3019 692 3084 Aristotelem*
703 3027 738 3083 ele
750 3027 883 3084 meteoria
894 3027 1067 3100 singularem
1079 3025 1210 3082 libellum
1223 3044 1294 3083 eon-

239 3138 240 3142 *
356 3110 507 3184 seripserunt
524 3114 601 3182 lon,
626 3123 712 3170 notua
730 3112 780 3169 ille
796 3115 881 3187 polite
899 3113 1037 3186 tragicus,
1062 3104 1197 3169 laudante
1220 3133 1243 3172 a.
1262 3131 1293 3170 v.

346 3191 417 3254 Ἴων
434 3197 556 3257 suida.
575 3200 764 3258 lie‘ntleina
783 3210 811 3256 et
827 3204 1006 3256 Knsterns
1023 3201 1202 3256 contendunt
1218 3202 1295 3257 hano

354 3284 488 3342 notitiem
498 3305 536 3343 ex
549 3285 1064 3361 verbisquibusdemsoholiaetee
1075 3287 1201 3344 Aristo
1210 3289 1296 3361 pha-

355 3370 412 3428 nia
424 3375 499 3430 male
518 3373 670 3432 intellectio
685 3373 825 3450 originem
840 3373 964 3447 cepisse:
985 3385 1014 3431 at
1035 3373 1148 3430 monuit
1164 3375 1295 3432 Sohiill
1412 3411 1413 3440 1

357 3461 443 3530 (Eiet.
467 3462 580 3518 moret.
603 3479 699 3535 graec.
722 3477 761 3516 ex
778 3478 852 3518 vers.
871 3479 957 3536 germ.
976 3466 1060 3518 Tem.
1072 3465 1095 3516 1.
1113 3481 1142 3534 p.
1152 3463 1229 3530 262.)
1247 3464 1295 3517 lo-

355 3549 545 3616 nemleudari
563 3568 581 3604 e
594 3546 753 3606 Stobeeo
771 3548 886 3622 (Eulog.
901 3552 930 3617 1,
950 3555 994 3610 27.
1008 3567 1036 3622 p.
1049 3549 1127 3620 5⁵2.)
1146 3558 1295 3624 umquam
1412 3583 1413 3604 ι

354 3645 499 3694 euolotem
525 3636 688 3709 opinionis,
718 3653 806 3711 qnam
834 3635 870 3692 de
892 3639 978 3691 lunae
1004 3646 1106 3692 nature
1135 3634 1294 3708 proposuit.

355 3721 514 3778 ilistorioos
530 3737 599 3780 aene
616 3733 652 3780 et
664 3723 878 3798 philosophicos
895 3721 985 3778 libros
1002 3727 1163 3796 compleret
1175 3721 1211 3778 eb
1225 3725 1295 3778 lone

355 3808 497 3881 profectos
515 3826 575 3866 eree
592 3819 704 3868 constat
726 3812 882 3882 (Heeren
901 3809 937 3863 ed
955 3807 1048 3865 Stob.
1066 3813 1149 3864 Tem.
1164 3813 1200 3865 ll.
1219 3812 1250 3863 P.
1267 3816 1295 3866 2.

356 3913 385 3967 p·
398 3897 460 3957 167.
478 3898 571 3971 sqq.)3
588 3913 640 3952 neo
658 3897 790 3973 intelligo
807 3896 924 3963 ideireo,
943 3911 995 3952 our
1012 3891 1048 3954 de'
1065 3897 1198 3954 meteoria
1209 3894 1316 3952 libel·'

357 3983 422 4038 lum
439 3980 620 4050 consoribere
637 4001 699 4042 non
717 3983 842 4057 potuerit
858 3985 919 4040 lon.
946 4027 949 4034 .
981 4030 984 4038 .
