2824 4746
291 323 355 392 194
627 319 693 386 De
712 319 961 388 dolonibus.

291 494 370 570 Nm
402 521 485 592 opus
522 511 587 579 est,
621 511 657 564 ut
695 521 768 564 cum
805 496 1065 581 Gasseudo³)
1104 496 1297 584 arbitremur,

288 601 571 672 Aristotelem
598 598 746 670 haloonu
772 600 916 670 Imm
944 627 1003 695 pro
1033 602 1112 670 in'de
1139 600 1297 686 hahuisse,

288 733 374 802 quiae
393 705 615 802 phaenomena
635 706 754 798 optime
768 707 926 776 disomuit.
971 703 1102 775 Nostris
1116 707 1200 773 euim
1222 723 1298 775 tem-

288 812 423 907 poribus
445 835 541 906 saepe
562 812 748 880 observatae
769 812 955 882 suntin'des
977 810 1149 892 ltmams‘),
1171 825 1204 878 et
1224 835 1297 903 pro·

290 917 374 986 huo
404 915 532 1009 plures,
573 940 671 1010 quam
709 917 820 984 voltmt
851 932 994 984 auctores
1026 915 1297 1008 Encyclopaediao

292 1021 500 1104 methodicae,
531 1021 586 1114 qui
608 1036 725 1112 putant
745 1020 818 1088 iude
840 1015 882 1088 ab
904 1020 1074 1090 Aristotele
1093 1019 1138 1088 ‚ad
1159 1021 1297 1088 medium

289 1152 391 1218 usque
414 1125 572 1192 saecolmu
587 1125 744 1192 decimurrl
763 1141 918 1208 octavum,
939 1125 973 1190 in
995 1123 1103 1219 spatio
1124 1125 1220 1216 igitur
1235 1127 1296 1193 duo

288 1229 420 1298 millium
441 1253 607 1312 armorum,
630 1229 795 1298 duodecim
816 1245 937 1314 tautum
959 1230 1157 1321 apparuisse.

733 1429 763 1511 ς.
787 1425 842 1494 tt.

623 1548 688 1616 De
713 1546 958 1614 dolonibus.

372 1687 534 1758 llalonem
556 1713 626 1758 esse
641 1687 794 1768 circulum
808 1686 992 1782 plenumque
1014 1689 1191 1756 absolutum
1214 1688 1294 1755 circa
1401 1763 1402 1774 χ

287 1792 390 1862 solem
411 1809 445 1862 et
464 1793 573 1861 lunam
596 1810 628 1861 et
649 1793 806 1861 nobiliora
829 1808 914 1860 astra
928 1797 952 1871 ¹)
977 1799 1144 1890 (quirnea
1167 1790 1295 1861 πολλά-

301 1983 334 2046 8)
357 1978 406 2032 ad
423 1977 572 2051 Diogen.
588 1978 755 2034 aaaron
773 1994 802 2048 p.
813 1981 892 2036 1127.

301 2080 333 2150 d)
358 2083 555 2140 Conferendus
586 2082 707 2136 omuino
737 2081 812 2138 tiber
837 2081 997 2136 Alleldii
1024 2081 1061 2137 de
1085 2081 1163 2136 Iride
1188 2083 1292 2136 lunum.

263 2229 265 2234 ,
354 2169 473 2224 Giesseu
492 2176 571 2230 1750.
605 2174 763 2224 Recensum
782 2167 884 2222 luciam
901 2165 1049 2234 librorum,
1068 2167 1100 2220 iu
1116 2166 1223 2240 quibus
1239 2167 1293 2220 iri-

352 2255 424 2310 dum
441 2257 588 2310 lunarium
607 2255 823 2311 observatorum
841 2252 947 2306 mentio
966 2251 1100 2318 iniicitur,
1126 2262 1196 2326 quot
1212 2252 1290 2306 mihi

352 2343 427 2396 inter
448 2344 603 2418 legendum
627 2351 820 2398 occurrerunt.
853 2341 972 2395 Journal
996 2340 1030 2395 de
1052 2341 1138 2413 Phys.
1152 2341 1242 2396 LXV.
1260 2357 1289 2410 p.

352 2439 415 2488 208.
433 2431 561 2486 Rozier
584 2429 784 2486 Observatr'ons
812 2429 849 2484 de
870 2430 955 2502 Phys.
981 2429 1071 2484 caim.
1094 2438 1119 2482 rt
1137 2428 1292 2483 d’Histoire

351 2522 496 2572 notur.X.
515 2535 544 2590 p.
556 2526 599 2574 81.
615 2520 756 2572 XXXIV.
774 2519 858 2588 p.6o.
878 2515 971 2571 Gilb.
988 2518 1096 2572 Annal.
1112 2519 1162 2571 xl.
1185 2533 1212 2586 p·
1228 2511 1290 2572 481.

350 2607 473 2660 XXVII.
491 2622 520 2677 p.
530 2613 592 2663 353.
609 2607 731 2658 XXXII.
748 2622 776 2677 p·
786 2609 849 2662 318.
866 2623 895 2660 v.
913 2605 1101 2660 Lindenau
1119 2603 1291 2661 u-v.Bqu-

350 2690 558 2765 uenberger
575 2693 713 2746 zeitschr.
722 2690 755 2762 j.
773 2699 934 2748 astronom.
950 2696 984 2745 11.
1008 2712 1036 2765 p.
1051 2690 1111 2750 ets.
1130 2693 1230 2746 Alex.
1250 2688 1290 2744 ab
1318 2763 1321 2772 1

350 2777 549 2835 Humboldt
570 2786 687 2853 Voyage
710 2799 776 2836 orae
793 2779 851 2848 rig.
870 2780 1001 2852 e'quz'noae.
1015 2782 1063 2832 III.
1082 2798 1110 2850 p.
1127 2784 1169 2840 70·
1193 2780 1289 2836 Cook

353 2875 471 2940 Voyage
489 2865 511 2920 ὰ
527 2867 723 2939 ΡΙιὲηιὶερΙιὲνε
741 2853 855 2922 oustrdl
876 2879 902 2921 et
926 2879 1027 2920 autour
1045 2866 1084 2922 do
1104 2864 1286 2932 monde(sio·

349 2958 484 3026 voyage).
501 2954 579 3008 Paris
598 2959 677 3015 1778.
695 2951 721 3011 d.
740 2959 823 3009 Tom.
833 2957 870 3009 V.
890 2973 917 3026 p.
928 2962 987 3027 ms.
1006 2958 1051 3008 La
1068 2951 1287 3008 Biltardidre

352 3045 469 3110 Voyuge
486 3037 508 3092 ὰ
525 3043 554 3094 Iu
573 3043 722 3095 recherche
739 3041 775 3095 dc
792 3043 823 3094 Ia
841 3039 967 3095 Pit-ense.
989 3043 1102 3095 Turul.
1120 3059 1148 3112 p.
1164 3047 1208 3098 58.
1226 3039 1288 3094 Mt-

347 3128 451 3179 moires
474 3125 510 3180 de
534 3129 649 3183 l'Acud.
676 3128 712 3183 de
729 3131 813 3182 Puris
836 3133 1003 3189 attentet.
1024 3147 1051 3200 p.
1065 3137 1108 3186 22.
1127 3131 1285 3202 Philosoph.

351 3217 632 3270 monsacuxxvtl.
650 3223 751 3286 p320·
772 3219 850 3276 178³.
869 3231 898 3286 p.
909 3226 970 3278 100.
990 3217 1146 3288 Philosoplr.
1164 3224 1284 3288 Magea.

347 3303 398 3356 XI.
417 3317 445 3372 p·
456 3303 502 3364 96.
520 3305 642 3358 Joumal
658 3304 696 3372 os
707 3307 830 3358 Science.
840 3305 888 3356 III.
907 3323 934 3378 p.
945 3306 989 3362 56.
1003 3311 1047 3364 57.
1078 3303 1153 3372 Quin
1170 3306 1283 3358 Lucas
1327 3297 1329 3302 ⁸

347 3387 506 3444 Howard
530 3388 617 3444 etiam
641 3393 759 3446 alteram
780 3392 884 3446 iridem
906 3392 982 3447 vidit
999 3393 1128 3458 (climate
1150 3387 1187 3458 of
1206 3395 1284 3444 Lon·
1401 3407 1402 3444 1

346 3479 424 3546 don).
440 3475 513 3555 *aldis
531 3475 614 3531 facile
632 3476 778 3552 duplicem
796 3479 1026 3534 observationum
1044 3492 1198 3530 numerum
1216 3477 1281 3531 addi

346 3562 432 3636 posse
456 3566 555 3618 nussus
583 3563 698 3632 dubito,
726 3584 820 3641 neque
845 3568 898 3620 hos
925 3563 1079 3618 attulissem
1103 3565 1198 3630 locos,
1225 3563 1281 3618 nisi

345 3661 524 3720 compertum
541 3649 687 3720 haberem,
707 3651 792 3707 etiam
806 3671 886 3708 uuue
904 3653 1056 3706 nonnullos
1074 3651 1211 3722 physicos
1228 3650 1279 3704 iri-

345 3735 395 3792 des
413 3739 539 3806 lunares,
558 3753 629 3809 quas
648 3738 821 3796 dormientes
839 3739 969 3794 homines
988 3739 1115 3808 prolecto
1132 3737 1280 3794 observare

343 3834 499 3897 nequeunt,
517 3823 670 3882 rarissimis
689 3827 892 3897 phoenomenis
909 3825 1105 3880 adnumerare.

291 3925 322 3994 t)
348 3927 405 3984 cfr.
424 3929 525 3984 Arati
544 3932 661 3986 Diosem.
681 3939 742 3995 209.
759 3934 850 3987 Pliu.
871 3936 943 3988 Hist.
962 3941 1057 3987 natur.
1066 3935 1100 4001 II,
1118 3937 1161 3986 28.
1171 3929 1279 4000 XVIII,

342 4019 385 4070 80.
407 4017 529 4072 Senes.
557 4023 670 4084 (tuaest.
695 4021 837 4086 not.1,1.
860 4023 1101 4076 Ptolemaeum
1127 4015 1279 4074 Telrobibl.
