2850 4730
523 277 765 372 vaporibus.
1100 275 1147 356 89'

69 481 71 492 ⁴
144 459 243 528 tionis
265 459 296 527 vi
318 481 338 526 a
358 457 424 528 sole
446 457 730 552 pertimuimus,
753 473 863 526 ventos
885 475 916 527 et
931 461 1014 532 Solis
1037 463 1144 534 lunae·
1171 501 1173 508 ·

145 589 206 658 quc
227 562 448 650 conversiones
464 564 616 634 effecerit:
642 563 729 656 quod
755 580 859 632 eutem
881 564 1022 635 relictum
1042 568 1143 653 fuerit,

143 694 228 738 mare
258 693 337 738 esse.
380 669 501 738 Idcirco
523 670 618 738 etiam
642 685 755 762 putare
777 668 900 762 aliquos
922 671 1032 764 pergit,
1053 674 1143 742 ‹iimi-
1228 750 1229 756 ἵ

143 775 197 844 uui
227 775 376 844 contiuuo
396 774 493 844 marie
522 772 675 842 ambitum
703 773 924 866 ‹evaporatioue¹
950 791 984 844 ut
1013 777 1144 847 resinea-

214 1025 285 1077 eru'm
308 1024 355 1077 illo
380 1024 439 1077 loco
464 1033 523 1076 tum
543 1023 673 1075 immensu
700 1018 849 1078 altitudine
870 1023 990 1098 gaudet,
1018 1034 1050 1079 ut
1072 1044 1163 1092 memo,

215 1129 336 1182 unquam
351 1109 428 1182 June
454 1112 569 1164 immisso
591 1109 696 1164 vudum
719 1113 839 1184 reperire
859 1115 989 1184 potuerit)
1015 1123 1149 1186 acceptus

216 1217 315 1252 rureue
333 1201 430 1252 evomit
448 1216 546 1270 aquus.
580 1205 643 1255 Hoc
658 1201 746 1272 igitur
763 1201 832 1270 luco,
851 1203 980 1255 trecentis
987 1199 1084 1274 screa
1102 1203 1150 1256 lit-

212 1286 468 1354 consecuturum
486 1297 576 1342 tumen
594 1290 734 1358 continuo,
758 1287 809 1344 ced
827 1287 916 1344 tribue
932 1290 1041 1362 partita
1061 1291 1147 1355 oetiie,

210 1373 343 1448 potabilis
361 1391 438 1444 uquu
457 1374 592 1432 redditur.
630 1378 770 1444 [Fortasse
777 1414 785 1443 ,
814 1373 891 1448 quod
912 1392 995 1447 coepe
1013 1374 1045 1430 in
1072 1376 1146 1431 muri

214 1458 387 1528 observatur,
406 1461 497 1516 sontes
511 1459 542 1516 in
556 1462 641 1522 meris
655 1462 746 1518 fundo
763 1463 878 1517 dulcem
893 1477 996 1536 equum
1014 1461 1066 1518 illo
1083 1465 1149 1518 loco

214 1547 358 1602 emittunt.
411 1550 473 1618 Quo
506 1550 542 1603 de
574 1550 774 1620 phaenomeuo
816 1545 944 1602 conferas
985 1545 1149 1604 d'Astruc

216 1631 360 1686 Mimoiree
394 1649 464 1701 pour
490 1633 622 1684 l'lristoire
640 1635 775 1686 nuturelle
793 1631 828 1684 de
851 1633 1028 1704 Longuedoc.
1064 1633 1149 1690 Paris.

216 1721 294 1779 1737.
303 1713 332 1776 ll'.
347 1715 446 1789 poco.
460 1716 692 1787 Popcwitech
715 1717 964 1789 Untercuclrungm
976 1734 1036 1769 vom
1052 1721 1151 1774 Meere.

216 1824 246 1878 p.
263 1805 323 1864 176.
342 1801 513 1874 Mureigli
530 1805 652 1858 Histoire
672 1805 814 1878 piyeique
831 1805 867 1859 de
891 1805 921 1858 la
938 1822 1002 1857 mer.
1012 1805 1047 1857 11.
1066 1823 1095 1878 p.
1108 1813 1152 1866 25.

215 1895 313 1947 Plures
330 1887 473 1944 collaudat
490 1891 742 1946 Beckruenuue
766 1889 802 1945 ad
821 1890 995 1964 Antigou.
1016 1891 1152 1962 Curyet.

212 1996 243 2034 c.
255 1975 315 2036 lll.
334 1994 363 2048 p.
375 1983 435 2037 193.
470 1979 534 2030 Nou
552 1974 683 2032 absimile
701 1985 751 2043 eet,
770 1977 847 2051 quod
867 1985 894 2032 et
912 1975 981 2032 olim
999 1978 1049 2032 elii
1066 1989 1153 2034 note-

219 2076 294 2132 ruut,
313 2063 404 2118 veluti
422 2061 626 2119 Herodotus
645 2064 707 2135 (IV,
728 2066 802 2133 181),
822 2074 919 2120 noelrn
938 2064 1040 2122 deinde
1058 2075 1149 2121 aelate
1193 2119 1196 2126 ,

217 2151 268 2208 ulii
286 2149 505 2220 affirmaverunt,
524 2149 616 2205 veluti
633 2149 806 2207 Miuutoli
826 2155 922 2224 (Reice
940 2154 1016 2208 much
1034 2159 1151 2225 Aegyp-

214 2253 262 2296 tm
284 2239 345 2294 und
356 2257 417 2293 zum
437 2238 546 2309 Tempel
563 2241 610 2292 dee
627 2241 734 2312 Jupiter
751 2247 870 2294 Ammon
892 2242 923 2293 im
940 2240 990 2294 der
1007 2237 1153 2312 libyeclrem

220 2332 327 2394 Witete3
353 2325 582 2399 herauegegeben
599 2342 660 2380 von
682 2326 855 2380 Toelken.
897 2325 995 2379 Berlin
1018 2322 1097 2384 tell.
1123 2324 1151 2383 l.
1255 2399 1257 2404 Ι

218 2433 247 2488 p·
260 2418 331 2484 175),
350 2431 388 2492 eu¹
405 2413 531 2485 magnis,
559 2427 632 2484 quae
658 2411 690 2464 iu
707 2411 822 2465 Africae
839 2411 954 2468 desertis
973 2422 1001 2466 et
1018 2411 1090 2466 alibi
1107 2431 1153 2468 re-

217 2502 368 2575 perientur
389 2501 456 2557 culis
480 2497 572 2556 erretis
595 2495 693 2552 dulcee
718 2514 902 2570 prorumpere
920 2498 1034 2570 iontem]
1070 2501 1152 2556 Hunc

216 2588 437 2645 Aristotelis
461 2585 639 2657 opinionem,
663 2583 746 2640 cuiue
763 2587 873 2640 nullum
892 2584 1064 2642 mentionem
1086 2585 1154 2640 lecit

141 2689 146 2698 '
218 2675 364 2746 Strabo,
388 2674 525 2747 cuspium
548 2689 626 2727 mure
650 2689 712 2728 cere
734 2689 900 2726 connexum
917 2671 981 2727 rive
998 2688 1064 2726 curu
1081 2671 1171 2728 meri.

221 2763 353 2830 Euxiuo,
378 2762 439 2820 sive
462 2777 529 2815 cum
546 2759 614 2816 sinu
639 2758 765 2824 Persico,
788 2757 874 2810 etiam
890 2755 1048 2810 recentiore
1065 2762 1156 2812 aetate

221 2853 317 2922 plures
335 2848 450 2920 physici
468 2847 633 2902 habuerunt
651 2843 700 2910 (ci.
717 2840 886 2930 Schmidt
903 2839 1006 2895 Lelrb.
1025 2841 1077 2896 der
1093 2863 1155 2899 ma-

165 2952 168 2957 ·
219 2938 331 2991 tuomet.
355 2936 416 2986 und
433 2934 516 3003 plye.
544 2931 699 3002 cmgrapl.
718 2936 796 2988 1830.
841 2927 1000 3008 Gottiugeu.
1019 2939 1044 2988 8.
1064 2933 1100 2987 ll.
1125 2950 1154 3006 p.

223 3025 309 3091 152),
327 3028 413 3092 etque
433 3017 495 3072 ciue
513 3017 555 3072 rei
573 3027 770 3092 argumentum
789 3013 845 3072 sibi
862 3017 998 3090 reperiere
1015 3017 1157 3076 videban-

222 3122 286 3179 tur,
312 3105 389 3180 quod
408 3103 501 3176 pisces
519 3104 653 3160 nonnulli
671 3103 776 3160 marini
793 3122 823 3161 v.
842 3121 867 3161 c.
903 3107 1040 3162 Atheriuu
1057 3107 1157 3181 impee-

222 3209 277 3264 tue‚
292 3200 453 3264 Syuguutus
461 3191 614 3263 pelagicus,
626 3192 734 3268 aliique
750 3193 784 3248 in
801 3201 924 3267 utroque
939 3193 1011 3248 muri
1023 3193 1159 3268 frequen-

222 3293 264 3338 ter
275 3288 430 3346 occurrunt,
450 3279 528 3352 quod
545 3279 595 3334 elii
613 3279 680 3336 iude
698 3279 843 3353 explicare
860 3290 999 3336 conentur
1017 3280 1061 3349 (id
1079 3280 1157 3354 quod

223 3389 273 3445 per
290 3388 321 3426 se
338 3367 455 3422 fortasse
472 3365 591 3422 minime
608 3368 753 3424 averitete
766 3367 914 3431 abhorret,
932 3376 961 3419 et
976 3382 1158 3439 nequaquem

222 3456 413 3514 neceesarium
441 3463 482 3510 eet
510 3453 546 3508 ad
575 3453 765 3526 phaenomeni
803 3451 1051 3522 explicationem),
1090 3451 1158 3525 quia

222 3547 294 3602 clim
311 3554 465 3617 utrumque
489 3557 566 3594 mare
584 3540 624 3595 ita
642 3555 805 3596 connexum
823 3535 917 3605 luerit,
935 3546 968 3590 ut
986 3553 1078 3590 uuum
1095 3548 1160 3592 tuu-

222 3643 284 3688 tum
293 3649 397 3703 aequor
405 3631 535 3686 efficeret.
546 3625 593 3694 (cl.
606 3633 752 3680 Dureau
761 3625 803 3679 de
812 3626 846 3678 la
855 3628 893 3679 M
897 3625 935 3678 ul
940 3625 972 3678 le
987 3626 1161 3696 Giograpiic

225 3722 309 3794 phys.
337 3717 372 3772 de
395 3721 425 3772 lu
448 3735 504 3770 mer
527 3715 604 3768 noire
627 3723 654 3766 et
678 3712 713 3768 de
736 3713 888 3766 l’imtirieur
908 3709 1113 3782 dei-Afrique.
1132 3731 1161 3784 p.

226 3809 288 3866 262.
307 3806 394 3880 sqq.)
429 3807 469 3859 At
493 3800 556 3869 elii,
576 3797 644 3853 inde
661 3817 678 3854 e
695 3798 917 3871 Kuempiero,
935 3797 1161 3856 luculentissime

140 3949 146 3960 ,
227 3895 392 3959 docueruut,
412 3891 496 3946 merie
515 3887 610 3962 caspii
628 3887 703 3942 inira
719 3887 805 3944 merie
823 3885 930 3942 Euxini
947 3885 1083 3960 tinuoque
1095 3889 1162 3943 Per-

228 3980 281 4039 eici
298 3977 477 4053 superficiem
494 3995 554 4035 eree
567 3976 660 4043 eitum,
680 3983 764 4050 utque
781 3973 889 4032 idcirco
907 3972 969 4030 eius
980 3973 1060 4030 modi
1078 3991 1162 4030 cauu-
