2824 4746
456 323 543 390 suli
565 333 605 388 et
626 319 764 392 marie.
1049 333 1109 392 221

106 503 142 571 in
172 502 237 570 illis
260 499 410 585 locis‚'.in
433 519 565 591 quorum
587 498 702 570 vertice
726 497 774 566 sol
797 491 919 585 fertur(
934 502 1015 571 radii
1043 503 1113 570 illa-

106 609 238 676 buntur.
285 605 362 694 Qua
394 602 433 672 de
467 627 501 670 re
531 601 724 672 eonferenda
757 618 843 686 sunt,
884 627 964 696 quae
996 607 1116 676 monuit

41 793 43 797 ¹
106 708 477 804 Montesquieu¹²)‚
500 706 614 778 deinde
636 707 866 800 Leupoldus
890 733 910 776 a
930 709 1114 798 Buch¹').
1143 761 1152 782 .

108 816 283 883 Cavernas
304 835 374 881 esse
398 809 565 879 calidiores
587 810 700 897 hieme,
724 833 817 904 quam
833 812 956 904 apricus
979 839 1116 909 campos,

105 920 197 988 idem
230 916 326 986 refert
360 915 509 986 strabo
527 920 589 1004 ¹⁰),
628 917 682 1012 qui
715 915 928 1010 Troglodytas
963 921 1118 1011 quosdam

106 1047 192 1118 prae
215 1022 333 1114 frigore
355 1020 490 1090 brumali
513 1038 604 1090 antra
624 1019 799 1090 inhabitare
821 1037 939 1090 narrat.

202 1127 351 1220 Denique
372 1125 495 1195 silentio
515 1151 580 1195 non
594 1125 854 1219 praetereundum
870 1141 928 1210 est,
950 1152 1015 1196 nun
1029 1128 1119 1222 igno·

108 1257 205 1301 rasse
228 1248 358 1317 veteres,
385 1232 566 1300 calidiorem
589 1255 659 1299 esse
681 1254 797 1323 aquam
819 1233 977 1300 marinam
1006 1233 1117 1320 hieme,

110 1363 212 1430 qnam
233 1352 359 1421 terram,
386 1335 447 1404 hac
467 1334 661 1430 frigidiorem
682 1351 803 1404 aestate
813 1339 866 1415 ”).
910 1337 1023 1430 Aquae
1052 1363 1119 1407 ma-

108 1443 205 1514 rinae
227 1440 367 1510 calorem
389 1465 427 1510 eo
449 1441 603 1510 minorem
626 1464 711 1522 esse,
741 1464 803 1533 quo
832 1440 924 1510 altius
948 1465 968 1510 a
988 1445 1119 1535 superfi-

109 1546 159 1614 cie
186 1545 290 1630 distet,
309 1546 401 1614 novit
421 1545 666 1614 Aristoteles
680 1552 743 1625 ²¹),
773 1544 826 1635 qui
847 1545 942 1612 etiam
964 1549 1119 1638 qrrantita·

109 1666 180 1718 tem
205 1649 292 1732 salis,
316 1673 396 1741 quae
417 1647 451 1714 in
472 1649 544 1740 ipsa
567 1650 772 1728 contineatur,
795 1673 866 1714 cum
887 1646 1049 1718 altitudine
1072 1651 1119 1718 di·

100 1753 225 1838 ·minui,
248 1767 282 1820 at
302 1754 477 1845 perperam,
501 1749 719 1818 arbitrabatur.
802 1842 804 1853 Ι

588 2001 672 2067 .55.
757 2013 762 2028 ’
833 1999 836 2008 ’

390 2003 881 2216 ΒομοῗιίιιηοοΙονο.Ι
995 2195 999 2204 ,

114 2269 213 2344 Nihil
241 2271 398 2364 peculiare
434 2271 583 2367 praebuit
605 2270 679 2340 lons
700 2273 754 2342 ille
769 2277 977 2374 Scamandri,
1001 2279 1039 2348 de
1062 2305 1124 2374 quo

97 2377 322 2446 «Humerus
338 2379 383 2456 1)ε

279 2550 287 2568 .
309 2548 318 2567 .
339 2550 348 2567 .
370 2547 379 2567 .
402 2500 507 2591 θέρεϊ
522 2499 658 2592 προρέει
679 2493 793 2568 eludia
814 2500 945 2598 χαλάζῃ

274 2601 332 2672 Ἢ
344 2599 590 2697 xedor-epum
613 2603 634 2697 ἢ
656 2604 691 2684 ἕξ
712 2603 836 2682 ὓδατος
857 2608 1049 2701 κρυςάλλῳ.

122 2782 325 2794 m

121 2888 169 2954 17)
195 2884 279 2955 Apud
299 2885 440 2956 Volney
466 2894 581 2962 Voyuge
603 2908 637 2943 en
660 2881 768 2962 llgypte
793 2899 817 2942 et
840 2907 874 2944 en
898 2893 983 2962 Syrie.
1007 2895 1090 2948 Tom.
1105 2898 1126 2950 1.

195 2989 223 3042 p.
243 2979 304 3028 303.

123 3097 171 3165 18)
197 3095 363 3168 Schweig
371 3113 431 3170 ger
447 3101 576 3154 Journal.
585 3103 685 3156 XLIV.
705 3109 804 3174 puao.

124 3221 172 3286 19)
197 3213 259 3271 Eiet
283 3215 313 3271 δὲ
337 3226 383 3273 καὶ
405 3221 593 3292 Τρωγλοὸὖται
610 3226 680 3280 τινὲς
701 3227 730 3280 ἐν
748 3225 859 3298 φωλεοῖς
880 3223 1013 3286 οἰκοῦντες
1030 3229 1075 3286 did
1093 3230 1128 3286 ed

194 3303 278 3375 ψύχη.
297 3307 349 3359 xl.
368 3308 472 3377 μοις.
1062 3305 1065 3314 ’

126 3432 173 3498 20)
187 3423 289 3498 'duppin‘
311 3427 363 3501 yolo
387 3423 454 3499 αὕτη
480 3428 512 3501 (ἦ
529 3430 669 3505 θάλασσά)
689 3435 833 3506 χειμῶνος,
857 3443 956 3510 θέρους
979 3438 1007 3494 δὲ
1035 3437 1131 3513 ψυχροί.

195 3515 435 3587 Theophrus't.
461 3517 496 3573 de
510 3524 610 3576 uentu.
630 3525 655 3591 §ss
670 3520 713 3582 d3.
738 3542 766 3595 p.
784 3521 849 3584 77l:
864 3525 923 3590 Ιτοῦ
940 3523 969 3578 δὲ
993 3531 1093 3599 θέρους
1115 3526 1133 3597 ἡ

195 3605 247 3674 μέν
269 3603 398 3657 θάλαττα
415 3602 505 3676 ψυχροὶ
515 3613 565 3660 ’καὶ
582 3606 616 3661 rui
634 3606 733 3663 πόντια
751 3615 905 3680 πνεύματα,
930 3609 947 3680 ἦ
965 3613 993 3668 di
1010 3615 1046 3686 γῆ
1063 3620 1134 3686 θορ-

196 3689 243 3761 μή-
270 3694 295 3759 §.
315 3692 358 3747 60.
389 3709 418 3761 p·
436 3697 504 3757 781,
531 3711 603 3766 quae
624 3693 765 3768 exscripta
790 3707 855 3753 sunt
881 3717 918 3753 ex
945 3701 1132 3776 Aristotel.

197 3776 456 3845 eratumxxvr,
475 3785 518 3840 57.
538 3779 636 3854 p.9l7‚
656 3799 682 3836 a.

130 3904 176 3969 21)
202 3900 340 3956 Probum.
359 3904 466 3968 xxm,
484 3912 528 3961 ao.
547 3902 646 3977 poll,
665 3904 692 3962 b.

148 4027 176 4092 1)
201 4024 285 4080 Iliad.
303 4028 335 4092 χ’,
356 4031 416 4084 151.
434 4042 478 4100 sq.
