<?xml version="1.0" encoding="UTF-8"?>
<!DOCTYPE html PUBLIC "-//W3C//DTD XHTML 1.0 Transitional//EN"
    "http://www.w3.org/TR/xhtml1/DTD/xhtml1-transitional.dtd">
<html xmlns="http://www.w3.org/1999/xhtml" xml:lang="en" lang="en">
 <head>
  <title>
</title>
<meta http-equiv="Content-Type" content="text/html;charset=utf-8" />
  <meta name='ocr-system' content='tesseract 3.04.00' />
  <meta name='ocr-capabilities' content='ocr_page ocr_carea ocr_par ocr_line ocrx_word'/>
</head>
<body>
  <div class='ocr_page' id='page_1' title='image "./meteorologiavet02idelgoog_0012.png"; bbox 0 0 2846 4734; ppageno 0'>
   <div class='ocr_carea' id='block_1_1' title="bbox 424 473 966 588">
    <p class='ocr_par' dir='ltr' id='par_1_1' title="bbox 424 473 966 588">
     <span class='ocr_line' id='line_1_1' title="bbox 424 473 966 588; baseline 0 -26"><span class='ocrx_word' id='word_1_1' title='bbox 424 473 713 564; x_wconf 79' lang='lat' dir='ltr'><strong>nnorom</strong></span> <span class='ocrx_word' id='word_1_2' title='bbox 746 476 798 563; x_wconf 76' lang='lat' dir='ltr'><strong>s,</strong></span> <span class='ocrx_word' id='word_1_3' title='bbox 821 473 879 562; x_wconf 80' lang='lat' dir='ltr'><strong>r.</strong></span> <span class='ocrx_word' id='word_1_4' title='bbox 964 579 966 588; x_wconf 14' lang='lat' dir='ltr'><strong><em>J</em></strong></span> 
     </span>
    </p>
   </div>
   <div class='ocr_carea' id='block_1_2' title="bbox 150 755 1157 1278">
    <p class='ocr_par' dir='ltr' id='par_1_2' title="bbox 150 755 1157 1278">
     <span class='ocr_line' id='line_1_2' title="bbox 153 755 1154 920; baseline -0.002 -32"><span class='ocrx_word' id='word_1_5' title='bbox 153 755 357 920; x_wconf 74' lang='lat' dir='ltr'><strong>Quemvis,</strong></span> <span class='ocrx_word' id='word_1_6' title='bbox 382 793 471 913; x_wconf 70' lang='lat' dir='ltr'><strong>onae</strong></span> <span class='ocrx_word' id='word_1_7' title='bbox 495 819 671 890; x_wconf 85' lang='lat' dir='ltr'><strong>monenda</strong></span> <span class='ocrx_word' id='word_1_8' title='bbox 695 839 886 906; x_wconf 83' lang='lat' dir='ltr'><strong>censerem,</strong></span> <span class='ocrx_word' id='word_1_9' title='bbox 912 821 950 887; x_wconf 90' lang='lat' dir='ltr'><strong>in</strong></span> <span class='ocrx_word' id='word_1_10' title='bbox 967 819 1154 888; x_wconf 86' lang='lat' dir='ltr'><strong>introduc-</strong></span> 
     </span>
     <span class='ocr_line' id='line_1_3' title="bbox 150 939 1157 1034; baseline 0.001 -25"><span class='ocrx_word' id='word_1_11' title='bbox 150 943 246 1011; x_wconf 81' lang='lat' dir='ltr'><strong>tione</strong></span> <span class='ocrx_word' id='word_1_12' title='bbox 278 942 361 1012; x_wconf 85' lang='lat' dir='ltr'><strong>huic</strong></span> <span class='ocrx_word' id='word_1_13' title='bbox 397 943 568 1034; x_wconf 86' lang='lat' dir='ltr'><strong>opusculo</strong></span> <span class='ocrx_word' id='word_1_14' title='bbox 600 939 775 1031; x_wconf 82' lang='lat' dir='ltr'><strong>praefixo,</strong></span> <span class='ocrx_word' id='word_1_15' title='bbox 809 952 978 1032; x_wconf 85' lang='lat' dir='ltr'><strong>quantum</strong></span> <span class='ocrx_word' id='word_1_16' title='bbox 1003 942 1157 1032; x_wconf 71' lang='lat' dir='ltr'><strong>‘adsequi</strong></span> 
     </span>
     <span class='ocr_line' id='line_1_4' title="bbox 151 1063 1157 1154; baseline -0.001 -24"><span class='ocrx_word' id='word_1_17' title='bbox 151 1084 312 1152; x_wconf 86' lang='lat' dir='ltr'><strong>possum,</strong></span> <span class='ocrx_word' id='word_1_18' title='bbox 351 1065 483 1135; x_wconf 82' lang='lat' dir='ltr'>diserte</span> <span class='ocrx_word' id='word_1_19' title='bbox 519 1063 736 1151; x_wconf 86' lang='lat' dir='ltr'><strong>monuerim,</strong></span> <span class='ocrx_word' id='word_1_20' title='bbox 768 1085 883 1154; x_wconf 84' lang='lat' dir='ltr'><strong>pauca</strong></span> <span class='ocrx_word' id='word_1_21' title='bbox 914 1075 1033 1132; x_wconf 84' lang='lat' dir='ltr'><strong>temon</strong></span> <span class='ocrx_word' id='word_1_22' title='bbox 1064 1073 1157 1149; x_wconf 89' lang='lat' dir='ltr'><strong>sunt,</strong></span> 
     </span>
     <span class='ocr_line' id='line_1_5' title="bbox 152 1183 1157 1278; baseline -0.005 -24"><span class='ocrx_word' id='word_1_23' title='bbox 152 1188 245 1275; x_wconf 78' lang='lat' dir='ltr'><strong>quoe</strong></span> <span class='ocrx_word' id='word_1_24' title='bbox 261 1187 416 1278; x_wconf 79' lang='lat' dir='ltr'><strong>praefari</strong></span> <span class='ocrx_word' id='word_1_25' title='bbox 441 1186 485 1255; x_wconf 83' lang='lat' dir='ltr'><strong>ab</strong></span> <span class='ocrx_word' id='word_1_26' title='bbox 512 1187 661 1256; x_wconf 82' lang='lat' dir='ltr'><strong>instituti</strong></span> <span class='ocrx_word' id='word_1_27' title='bbox 687 1187 804 1276; x_wconf 82' lang='lat' dir='ltr'><strong>operis</strong></span> <span class='ocrx_word' id='word_1_28' title='bbox 829 1185 965 1254; x_wconf 83' lang='lat' dir='ltr'><strong>ratione</strong></span> <span class='ocrx_word' id='word_1_29' title='bbox 991 1208 1063 1254; x_wconf 91' lang='lat' dir='ltr'><strong>non</strong></span> <span class='ocrx_word' id='word_1_30' title='bbox 1090 1183 1157 1250; x_wconf 79' lang='lat' dir='ltr'><strong>ab·</strong></span> 
     </span>
    </p>
   </div>
   <div class='ocr_carea' id='block_1_3' title="bbox 151 1301 1274 1406">
    <p class='ocr_par' dir='ltr' id='par_1_3' title="bbox 151 1301 1274 1406">
     <span class='ocr_line' id='line_1_6' title="bbox 151 1301 1274 1406; baseline -0.005 -30"><span class='ocrx_word' id='word_1_31' title='bbox 151 1307 300 1380; x_wconf 84' lang='lat' dir='ltr'><strong>horrere</strong></span> <span class='ocrx_word' id='word_1_32' title='bbox 316 1310 556 1380; x_wconf 82' lang='lat' dir='ltr'><strong>indicaverim.</strong></span> <span class='ocrx_word' id='word_1_33' title='bbox 596 1305 742 1396; x_wconf 85' lang='lat' dir='ltr'><strong>Duplici</strong></span> <span class='ocrx_word' id='word_1_34' title='bbox 768 1306 874 1376; x_wconf 87' lang='lat' dir='ltr'><strong>modo</strong></span> <span class='ocrx_word' id='word_1_35' title='bbox 900 1309 1065 1376; x_wconf 82' lang='lat' dir='ltr'><strong>scientiae</strong></span> <span class='ocrx_word' id='word_1_36' title='bbox 1079 1301 1159 1374; x_wconf 73' lang='lat' dir='ltr'><strong>&#39;ne-</strong></span> <span class='ocrx_word' id='word_1_37' title='bbox 1187 1301 1193 1314; x_wconf 82' lang='lat'>&#39;</span> <span class='ocrx_word' id='word_1_38' title='bbox 1272 1399 1274 1406; x_wconf 21' lang='grc' dir='ltr'>Ι</span> 
     </span>
    </p>
   </div>
   <div class='ocr_carea' id='block_1_4' title="bbox 150 1427 1197 2984">
    <p class='ocr_par' dir='ltr' id='par_1_4' title="bbox 150 1427 1197 2984">
     <span class='ocr_line' id='line_1_7' title="bbox 152 1427 1157 1522; baseline 0 -25"><span class='ocrx_word' id='word_1_39' title='bbox 152 1431 276 1500; x_wconf 72' lang='lat' dir='ltr'><strong>tutelis</strong></span> <span class='ocrx_word' id='word_1_40' title='bbox 302 1431 398 1522; x_wconf 80' lang='lat' dir='ltr'><strong>apud</strong></span> <span class='ocrx_word' id='word_1_41' title='bbox 424 1442 562 1501; x_wconf 86' lang='lat' dir='ltr'><strong>veteres</strong></span> <span class='ocrx_word' id='word_1_42' title='bbox 588 1427 735 1496; x_wconf 83' lang='lat' dir='ltr'><strong>historin</strong></span> <span class='ocrx_word' id='word_1_43' title='bbox 760 1430 905 1499; x_wconf 78' lang='lat' dir='ltr'><strong>tractui</strong></span> <span class='ocrx_word' id='word_1_44' title='bbox 929 1440 1058 1522; x_wconf 88' lang='lat' dir='ltr'><strong>potest,</strong></span> <span class='ocrx_word' id='word_1_45' title='bbox 1084 1433 1157 1499; x_wconf 85' lang='lat' dir='ltr'><strong>sive</strong></span> 
     </span>
     <span class='ocr_line' id='line_1_8' title="bbox 152 1537 1197 1646; baseline 0 -28"><span class='ocrx_word' id='word_1_46' title='bbox 152 1553 325 1640; x_wconf 84' lang='lat' dir='ltr'><strong>originem</strong></span> <span class='ocrx_word' id='word_1_47' title='bbox 350 1556 425 1622; x_wconf 87' lang='lat' dir='ltr'><strong>eius</strong></span> <span class='ocrx_word' id='word_1_48' title='bbox 442 1550 664 1643; x_wconf 82' lang='lat' dir='ltr'><strong>explicando,</strong></span> <span class='ocrx_word' id='word_1_49' title='bbox 689 1572 824 1646; x_wconf 81' lang='lat' dir='ltr'><strong>perque</strong></span> <span class='ocrx_word' id='word_1_50' title='bbox 851 1551 1073 1620; x_wconf 76' lang='lat' dir='ltr'><strong>saeculorum</strong></span> <span class='ocrx_word' id='word_1_51' title='bbox 1099 1573 1161 1618; x_wconf 85' lang='lat' dir='ltr'><strong>se·</strong></span> <span class='ocrx_word' id='word_1_52' title='bbox 1193 1537 1197 1545; x_wconf 48' lang='lat'>¹</span> 
     </span>
     <span class='ocr_line' id='line_1_9' title="bbox 151 1672 1158 1762; baseline 0.001 -22"><span class='ocrx_word' id='word_1_53' title='bbox 151 1673 242 1740; x_wconf 84' lang='lat' dir='ltr'><strong>riern</strong></span> <span class='ocrx_word' id='word_1_54' title='bbox 260 1675 336 1742; x_wconf 87' lang='lat' dir='ltr'><strong>eius</strong></span> <span class='ocrx_word' id='word_1_55' title='bbox 351 1675 567 1741; x_wconf 82' lang='lat' dir='ltr'><strong>incrementa</strong></span> <span class='ocrx_word' id='word_1_56' title='bbox 583 1672 841 1762; x_wconf 87' lang='lat' dir='ltr'><strong>persequendo,</strong></span> <span class='ocrx_word' id='word_1_57' title='bbox 867 1673 940 1741; x_wconf 86' lang='lat' dir='ltr'><strong>sive</strong></span> <span class='ocrx_word' id='word_1_58' title='bbox 958 1673 1044 1762; x_wconf 86' lang='lat' dir='ltr'><strong>quid</strong></span> <span class='ocrx_word' id='word_1_59' title='bbox 1061 1683 1158 1741; x_wconf 87' lang='lat' dir='ltr'><strong>certo</strong></span> 
     </span>
     <span class='ocr_line' id='line_1_10' title="bbox 150 1793 1159 1884; baseline 0.002 -24"><span class='ocrx_word' id='word_1_60' title='bbox 150 1793 420 1883; x_wconf 79' lang='lat' dir='ltr'><strong>quodnrn·aevo</strong></span> <span class='ocrx_word' id='word_1_61' title='bbox 447 1804 585 1864; x_wconf 86' lang='lat' dir='ltr'><strong>veteres</strong></span> <span class='ocrx_word' id='word_1_62' title='bbox 610 1804 790 1884; x_wconf 81' lang='lat' dir='ltr'><strong>praestare</strong></span> <span class='ocrx_word' id='word_1_63' title='bbox 814 1793 1020 1884; x_wconf 83' lang='lat' dir='ltr'><strong>potuissent,</strong></span> <span class='ocrx_word' id='word_1_64' title='bbox 1046 1796 1159 1884; x_wconf 81' lang='lat' dir='ltr'><strong>siqui-</strong></span> 
     </span>
     <span class='ocr_line' id='line_1_11' title="bbox 151 1912 1158 2007; baseline 0.004 -27"><span class='ocrx_word' id='word_1_65' title='bbox 151 1912 233 1982; x_wconf 86' lang='lat' dir='ltr'><strong>dem</strong></span> <span class='ocrx_word' id='word_1_66' title='bbox 259 1918 387 2006; x_wconf 82' lang='lat' dir='ltr'><strong>omnia,</strong></span> <span class='ocrx_word' id='word_1_67' title='bbox 414 1937 503 2006; x_wconf 84' lang='lat' dir='ltr'><strong>quae</strong></span> <span class='ocrx_word' id='word_1_68' title='bbox 531 1913 636 1986; x_wconf 83' lang='lat' dir='ltr'><strong>obvia</strong></span> <span class='ocrx_word' id='word_1_69' title='bbox 663 1925 774 2002; x_wconf 83' lang='lat' dir='ltr'><strong>erant,</strong></span> <span class='ocrx_word' id='word_1_70' title='bbox 801 1913 1013 1986; x_wconf 79' lang='lat' dir='ltr'><strong>adminicula</strong></span> <span class='ocrx_word' id='word_1_71' title='bbox 1038 1915 1158 2007; x_wconf 81' lang='lat' dir='ltr'><strong>adpli-</strong></span> 
     </span>
     <span class='ocr_line' id='line_1_12' title="bbox 151 2021 1160 2130; baseline 0.005 -27"><span class='ocrx_word' id='word_1_72' title='bbox 151 2048 298 2126; x_wconf 81' lang='lat' dir='ltr'><strong>cassent,</strong></span> <span class='ocrx_word' id='word_1_73' title='bbox 324 2037 545 2130; x_wconf 84' lang='lat' dir='ltr'><strong>exponendo.</strong></span> <span class='ocrx_word' id='word_1_74' title='bbox 589 2034 774 2127; x_wconf 83' lang='lat' dir='ltr'><strong>Equidem,</strong></span> <span class='ocrx_word' id='word_1_75' title='bbox 800 2039 958 2128; x_wconf 80' lang='lat' dir='ltr'><strong>quemvis</strong></span> <span class='ocrx_word' id='word_1_76' title='bbox 983 2037 1074 2108; x_wconf 87' lang='lat' dir='ltr'><strong>bene</strong></span> <span class='ocrx_word' id='word_1_77' title='bbox 1099 2021 1160 2108; x_wconf 90' lang='lat' dir='ltr'><strong>in-</strong></span> 
     </span>
     <span class='ocr_line' id='line_1_13' title="bbox 152 2159 1159 2252; baseline 0.005 -26"><span class='ocrx_word' id='word_1_78' title='bbox 152 2159 351 2245; x_wconf 70' lang='lat' dir='ltr'><strong>tellexerim</strong></span> <span class='ocrx_word' id='word_1_79' title='bbox 383 2170 569 2250; x_wconf 83' lang='lat' dir='ltr'><strong>utramque</strong></span> <span class='ocrx_word' id='word_1_80' title='bbox 594 2161 767 2228; x_wconf 79' lang='lat' dir='ltr'><strong>rationem</strong></span> <span class='ocrx_word' id='word_1_81' title='bbox 793 2183 865 2228; x_wconf 90' lang='lat' dir='ltr'><strong>non</strong></span> <span class='ocrx_word' id='word_1_82' title='bbox 889 2162 1030 2250; x_wconf 89' lang='lat' dir='ltr'><strong>penitus</strong></span> <span class='ocrx_word' id='word_1_83' title='bbox 1055 2185 1159 2252; x_wconf 85' lang='lat' dir='ltr'><strong>posse</strong></span> 
     </span>
     <span class='ocr_line' id='line_1_14' title="bbox 155 2280 1159 2373; baseline 0 -21"><span class='ocrx_word' id='word_1_84' title='bbox 155 2281 298 2370; x_wconf 75' lang='lat' dir='ltr'><strong>dirimi,</strong></span> <span class='ocrx_word' id='word_1_85' title='bbox 322 2283 554 2373; x_wconf 80' lang='lat' dir='ltr'><strong>posteriorem</strong></span> <span class='ocrx_word' id='word_1_86' title='bbox 588 2280 858 2372; x_wconf 82' lang='lat' dir='ltr'><strong>praeferendam</strong></span> <span class='ocrx_word' id='word_1_87' title='bbox 892 2283 979 2352; x_wconf 79' lang='lat' dir='ltr'><strong>durn‘</strong></span> <span class='ocrx_word' id='word_1_88' title='bbox 1012 2282 1159 2372; x_wconf 88' lang='lat' dir='ltr'><strong>ideirco,</strong></span> 
     </span>
     <span class='ocr_line' id='line_1_15' title="bbox 155 2403 1161 2493; baseline 0.004 -21"><span class='ocrx_word' id='word_1_89' title='bbox 155 2405 236 2492; x_wconf 81' lang='lat' dir='ltr'><strong>quia</strong></span> <span class='ocrx_word' id='word_1_90' title='bbox 269 2404 341 2472; x_wconf 82' lang='lat' dir='ltr'><strong>hac</strong></span> <span class='ocrx_word' id='word_1_91' title='bbox 373 2403 498 2472; x_wconf 90' lang='lat' dir='ltr'><strong>melius</strong></span> <span class='ocrx_word' id='word_1_92' title='bbox 531 2407 605 2490; x_wconf 82' lang='lat' dir='ltr'><strong>via,</strong></span> <span class='ocrx_word' id='word_1_93' title='bbox 640 2405 725 2493; x_wconf 92' lang='lat' dir='ltr'><strong>quid</strong></span> <span class='ocrx_word' id='word_1_94' title='bbox 759 2416 880 2474; x_wconf 81' lang='lat' dir='ltr'><strong>nostre</strong></span> <span class='ocrx_word' id='word_1_95' title='bbox 914 2407 1019 2474; x_wconf 83' lang='lat' dir='ltr'><strong>etiam</strong></span> <span class='ocrx_word' id='word_1_96' title='bbox 1044 2416 1161 2476; x_wconf 76' lang='lat' dir='ltr'><strong>aetate</strong></span> 
     </span>
     <span class='ocr_line' id='line_1_16' title="bbox 155 2513 1161 2619; baseline 0.003 -25"><span class='ocrx_word' id='word_1_97' title='bbox 155 2525 302 2595; x_wconf 79' lang='lat' dir='ltr'><strong>alicuius</strong></span> <span class='ocrx_word' id='word_1_98' title='bbox 333 2529 371 2596; x_wconf 91' lang='lat' dir='ltr'><strong>in</strong></span> <span class='ocrx_word' id='word_1_99' title='bbox 403 2528 660 2616; x_wconf 74' lang='lat' dir='ltr'><strong>meteorologia&#39;</strong></span> <span class='ocrx_word' id='word_1_100' title='bbox 687 2513 854 2617; x_wconf 77' lang='lat' dir='ltr'><strong>ponderis</strong></span> <span class='ocrx_word' id='word_1_101' title='bbox 881 2549 955 2596; x_wconf 81' lang='lat' dir='ltr'><strong>esse</strong></span> <span class='ocrx_word' id='word_1_102' title='bbox 990 2538 1112 2619; x_wconf 82' lang='lat' dir='ltr'><strong>quent,</strong></span> <span class='ocrx_word' id='word_1_103' title='bbox 1140 2553 1161 2597; x_wconf 82' lang='lat' dir='ltr'>a</span> 
     </span>
     <span class='ocr_line' id='line_1_17' title="bbox 154 2647 1160 2741; baseline 0.005 -28"><span class='ocrx_word' id='word_1_104' title='bbox 154 2647 372 2738; x_wconf 85' lang='lat' dir='ltr'><strong>reliquarum</strong></span> <span class='ocrx_word' id='word_1_105' title='bbox 406 2650 611 2739; x_wconf 87' lang='lat' dir='ltr'><strong>opinionum</strong></span> <span class='ocrx_word' id='word_1_106' title='bbox 636 2647 812 2738; x_wconf 80' lang='lat' dir='ltr'><strong>ferragine</strong></span> <span class='ocrx_word' id='word_1_107' title='bbox 838 2653 1016 2741; x_wconf 84' lang='lat' dir='ltr'><strong>segregari</strong></span> <span class='ocrx_word' id='word_1_108' title='bbox 1033 2653 1160 2741; x_wconf 85' lang='lat' dir='ltr'><strong>possit.</strong></span> 
     </span>
     <span class='ocr_line' id='line_1_18' title="bbox 154 2753 1162 2862; baseline 0.002 -25"><span class='ocrx_word' id='word_1_109' title='bbox 154 2767 413 2860; x_wconf 83' lang='lat' dir='ltr'><strong>Prolegomena</strong></span> <span class='ocrx_word' id='word_1_110' title='bbox 437 2770 538 2859; x_wconf 80' lang='lat' dir='ltr'><strong>haee,</strong></span> <span class='ocrx_word' id='word_1_111' title='bbox 564 2769 690 2862; x_wconf 73' lang='lat' dir='ltr'><strong>quibus</strong></span> <span class='ocrx_word' id='word_1_112' title='bbox 716 2772 762 2840; x_wconf 91' lang='lat' dir='ltr'><strong>de</strong></span> <span class='ocrx_word' id='word_1_113' title='bbox 782 2753 1033 2860; x_wconf 84' lang='lat' dir='ltr'><strong>meteorologia</strong></span> <span class='ocrx_word' id='word_1_114' title='bbox 1058 2782 1162 2844; x_wconf 83' lang='lat' dir='ltr'><strong>vete-</strong></span> 
     </span>
     <span class='ocr_line' id='line_1_19' title="bbox 154 2891 1162 2984; baseline 0.002 -23"><span class='ocrx_word' id='word_1_115' title='bbox 154 2915 235 2961; x_wconf 89' lang='lat' dir='ltr'><strong>rum</strong></span> <span class='ocrx_word' id='word_1_116' title='bbox 262 2892 485 2962; x_wconf 83' lang='lat' dir='ltr'><strong>Graecorum</strong></span> <span class='ocrx_word' id='word_1_117' title='bbox 510 2905 547 2962; x_wconf 88' lang='lat' dir='ltr'><strong>et</strong></span> <span class='ocrx_word' id='word_1_118' title='bbox 574 2893 825 2980; x_wconf 81' lang='lat' dir='ltr'><strong>Romanorum,</strong></span> <span class='ocrx_word' id='word_1_119' title='bbox 850 2891 964 2983; x_wconf 81' lang='lat' dir='ltr'><strong>qualis</strong></span> <span class='ocrx_word' id='word_1_120' title='bbox 986 2903 1066 2984; x_wconf 83' lang='lat' dir='ltr'><strong>post</strong></span> <span class='ocrx_word' id='word_1_121' title='bbox 1086 2893 1162 2963; x_wconf 90' lang='lat' dir='ltr'><strong>Se-</strong></span> 
     </span>
    </p>
   </div>
   <div class='ocr_carea' id='block_1_5' title="bbox 21 3016 1161 3106">
    <p class='ocr_par' dir='ltr' id='par_1_5' title="bbox 21 3016 1161 3106">
     <span class='ocr_line' id='line_1_20' title="bbox 21 3016 1161 3106; baseline 0.004 -24"><span class='ocrx_word' id='word_1_122' title='bbox 21 3081 26 3088; x_wconf 86' lang='grc'>,</span> <span class='ocrx_word' id='word_1_123' title='bbox 156 3039 307 3084; x_wconf 82' lang='lat' dir='ltr'><strong>necem</strong></span> <span class='ocrx_word' id='word_1_124' title='bbox 340 3027 377 3084; x_wconf 88' lang='lat' dir='ltr'><strong>et</strong></span> <span class='ocrx_word' id='word_1_125' title='bbox 410 3017 607 3090; x_wconf 88' lang='lat' dir='ltr'><strong>Plinium</strong></span> <span class='ocrx_word' id='word_1_126' title='bbox 641 3016 770 3106; x_wconf 88' lang='lat' dir='ltr'><strong>exponi</strong></span> <span class='ocrx_word' id='word_1_127' title='bbox 794 3017 975 3106; x_wconf 82' lang='lat' dir='ltr'><strong>potuisset,</strong></span> <span class='ocrx_word' id='word_1_128' title='bbox 1002 3017 1161 3106; x_wconf 74' lang='lat' dir='ltr'><strong>dissemi,</strong></span> 
     </span>
    </p>
   </div>
   <div class='ocr_carea' id='block_1_6' title="bbox 156 3126 1162 3594">
    <p class='ocr_par' dir='ltr' id='par_1_6' title="bbox 156 3126 1162 3594">
     <span class='ocr_line' id='line_1_21' title="bbox 156 3126 1161 3230; baseline 0.004 -26"><span class='ocrx_word' id='word_1_129' title='bbox 156 3147 341 3228; x_wconf 87' lang='lat' dir='ltr'><strong>sequetur,</strong></span> <span class='ocrx_word' id='word_1_130' title='bbox 377 3159 482 3230; x_wconf 87' lang='lat' dir='ltr'><strong>quam</strong></span> <span class='ocrx_word' id='word_1_131' title='bbox 514 3141 552 3208; x_wconf 91' lang='lat' dir='ltr'><strong>in</strong></span> <span class='ocrx_word' id='word_1_132' title='bbox 582 3126 843 3208; x_wconf 78' lang='lat' dir='ltr'><strong>introductione</strong></span> <span class='ocrx_word' id='word_1_133' title='bbox 867 3139 1046 3228; x_wconf 85' lang='lat' dir='ltr'><strong>pollicitus</strong></span> <span class='ocrx_word' id='word_1_134' title='bbox 1071 3163 1161 3227; x_wconf 88' lang='lat' dir='ltr'><strong>sum,</strong></span> 
     </span>
     <span class='ocr_line' id='line_1_22' title="bbox 156 3257 1162 3350; baseline 0.002 -24"><span class='ocrx_word' id='word_1_135' title='bbox 156 3257 518 3350; x_wconf 84' lang='lat' dir='ltr'><strong>Meteorologioorum</strong></span> <span class='ocrx_word' id='word_1_136' title='bbox 534 3257 733 3334; x_wconf 80' lang='lat' dir='ltr'><strong>Aristotelis</strong></span> <span class='ocrx_word' id='word_1_137' title='bbox 759 3260 878 3347; x_wconf 82' lang='lat' dir='ltr'><strong>editio,</strong></span> <span class='ocrx_word' id='word_1_138' title='bbox 905 3265 1162 3330; x_wconf 81' lang='lat' dir='ltr'><strong>commentariis</strong></span> 
     </span>
     <span class='ocr_line' id='line_1_23' title="bbox 156 3381 1162 3473; baseline 0.004 -25"><span class='ocrx_word' id='word_1_139' title='bbox 156 3381 353 3471; x_wconf 85' lang='lat' dir='ltr'><strong>uberrimis,</strong></span> <span class='ocrx_word' id='word_1_140' title='bbox 379 3406 473 3454; x_wconf 85' lang='lat' dir='ltr'><strong>nova</strong></span> <span class='ocrx_word' id='word_1_141' title='bbox 497 3384 785 3473; x_wconf 76' lang='lat' dir='ltr'><strong>interpretatione</strong></span> <span class='ocrx_word' id='word_1_142' title='bbox 810 3381 936 3471; x_wconf 82' lang='lat' dir='ltr'><strong>latine,</strong></span> <span class='ocrx_word' id='word_1_143' title='bbox 961 3387 1162 3454; x_wconf 80' lang='lat' dir='ltr'><strong>variatum</strong></span> 
     </span>
     <span class='ocr_line' id='line_1_24' title="bbox 157 3503 1161 3594; baseline 0.006 -26"><span class='ocrx_word' id='word_1_144' title='bbox 157 3503 338 3594; x_wconf 85' lang='lat' dir='ltr'><strong>codicum,</strong></span> <span class='ocrx_word' id='word_1_145' title='bbox 379 3515 456 3594; x_wconf 86' lang='lat' dir='ltr'><strong>tum</strong></span> <span class='ocrx_word' id='word_1_146' title='bbox 499 3514 659 3576; x_wconf 84' lang='lat' dir='ltr'><strong>veterum</strong></span> <span class='ocrx_word' id='word_1_147' title='bbox 692 3505 885 3574; x_wconf 84' lang='lat' dir='ltr'><strong>editionum</strong></span> <span class='ocrx_word' id='word_1_148' title='bbox 917 3505 1069 3574; x_wconf 85' lang='lat' dir='ltr'><strong>lectione</strong></span> <span class='ocrx_word' id='word_1_149' title='bbox 1100 3508 1161 3574; x_wconf 93' lang='lat' dir='ltr'><strong>in-</strong></span> 
     </span>
    </p>
   </div>
   <div class='ocr_carea' id='block_1_7' title="bbox 157 3613 1277 3718">
    <p class='ocr_par' dir='ltr' id='par_1_7' title="bbox 157 3613 1277 3718">
     <span class='ocr_line' id='line_1_25' title="bbox 157 3613 1277 3718; baseline 0.004 -26"><span class='ocrx_word' id='word_1_150' title='bbox 157 3634 308 3696; x_wconf 77' lang='lat' dir='ltr'><strong>structa:</strong></span> <span class='ocrx_word' id='word_1_151' title='bbox 336 3645 436 3718; x_wconf 74' lang='lat' dir='ltr'><strong>opuS,</strong></span> <span class='ocrx_word' id='word_1_152' title='bbox 463 3629 493 3697; x_wconf 89' lang='lat' dir='ltr'><strong>si</strong></span> <span class='ocrx_word' id='word_1_153' title='bbox 518 3626 604 3716; x_wconf 83' lang='lat' dir='ltr'><strong>quid</strong></span> <span class='ocrx_word' id='word_1_154' title='bbox 629 3617 800 3716; x_wconf 84' lang='lat' dir='ltr'><strong>intelligo,</strong></span> <span class='ocrx_word' id='word_1_155' title='bbox 824 3649 897 3695; x_wconf 87' lang='lat' dir='ltr'><strong>non</strong></span> <span class='ocrx_word' id='word_1_156' title='bbox 921 3627 1045 3696; x_wconf 87' lang='lat' dir='ltr'><strong>inutile</strong></span> <span class='ocrx_word' id='word_1_157' title='bbox 1061 3627 1163 3696; x_wconf 88' lang='lat' dir='ltr'><strong>futu·</strong></span> <span class='ocrx_word' id='word_1_158' title='bbox 1275 3613 1277 3618; x_wconf 68' lang='lat'><strong>,</strong></span> 
     </span>
    </p>
   </div>
   <div class='ocr_carea' id='block_1_8' title="bbox 157 3747 1163 4088">
    <p class='ocr_par' dir='ltr' id='par_1_8' title="bbox 157 3747 1163 4088">
     <span class='ocr_line' id='line_1_26' title="bbox 157 3747 1161 3857; baseline 0.005 -42"><span class='ocrx_word' id='word_1_159' title='bbox 157 3769 249 3819; x_wconf 88' lang='lat' dir='ltr'><strong>rum.</strong></span> <span class='ocrx_word' id='word_1_160' title='bbox 303 3747 429 3857; x_wconf 82' lang='lat' dir='ltr'><strong>Erunt,</strong></span> <span class='ocrx_word' id='word_1_161' title='bbox 456 3751 517 3840; x_wconf 88' lang='lat' dir='ltr'><strong>qui</strong></span> <span class='ocrx_word' id='word_1_162' title='bbox 542 3748 614 3818; x_wconf 86' lang='lat' dir='ltr'><strong>tale</strong></span> <span class='ocrx_word' id='word_1_163' title='bbox 640 3756 801 3819; x_wconf 85' lang='lat' dir='ltr'><strong>veterum</strong></span> <span class='ocrx_word' id='word_1_164' title='bbox 826 3751 956 3840; x_wconf 67' lang='lat' dir='ltr'><strong>scriptu</strong></span> <span class='ocrx_word' id='word_1_165' title='bbox 977 3749 1161 3840; x_wconf 81' lang='lat' dir='ltr'><strong>explican-</strong></span> 
     </span>
     <span class='ocr_line' id='line_1_27' title="bbox 158 3865 1163 3963; baseline 0 -23"><span class='ocrx_word' id='word_1_166' title='bbox 158 3870 194 3940; x_wconf 86' lang='lat' dir='ltr'><strong>di</strong></span> <span class='ocrx_word' id='word_1_167' title='bbox 212 3893 335 3962; x_wconf 87' lang='lat' dir='ltr'><strong>genus,</strong></span> <span class='ocrx_word' id='word_1_168' title='bbox 362 3871 456 3962; x_wconf 81' lang='lat' dir='ltr'><strong>quali</strong></span> <span class='ocrx_word' id='word_1_169' title='bbox 471 3873 547 3962; x_wconf 85' lang='lat' dir='ltr'><strong>ipse</strong></span> <span class='ocrx_word' id='word_1_170' title='bbox 565 3865 648 3944; x_wconf 73' lang='lat' dir='ltr'><strong>usus</strong></span> <span class='ocrx_word' id='word_1_171' title='bbox 674 3893 763 3959; x_wconf 82' lang='lat' dir='ltr'><strong>sum,</strong></span> <span class='ocrx_word' id='word_1_172' title='bbox 780 3873 997 3963; x_wconf 87' lang='lat' dir='ltr'><strong>vituperent:</strong></span> <span class='ocrx_word' id='word_1_173' title='bbox 1025 3883 1061 3940; x_wconf 86' lang='lat' dir='ltr'><strong>at</strong></span> <span class='ocrx_word' id='word_1_174' title='bbox 1077 3873 1163 3940; x_wconf 90' lang='lat' dir='ltr'><strong>nul-</strong></span> 
     </span>
     <span class='ocr_line' id='line_1_28' title="bbox 157 3981 1162 4088; baseline 0.003 -29"><span class='ocrx_word' id='word_1_175' title='bbox 157 3991 230 4060; x_wconf 88' lang='lat' dir='ltr'><strong>lum</strong></span> <span class='ocrx_word' id='word_1_176' title='bbox 257 3994 335 4065; x_wconf 87' lang='lat' dir='ltr'><strong>sore</strong></span> <span class='ocrx_word' id='word_1_177' title='bbox 360 4003 481 4064; x_wconf 79' lang='lat' dir='ltr'><strong>nostra</strong></span> <span class='ocrx_word' id='word_1_178' title='bbox 503 3981 627 4064; x_wconf 77' lang='lat' dir='ltr'><strong>aetate‘</strong></span> <span class='ocrx_word' id='word_1_179' title='bbox 646 3993 866 4088; x_wconf 85' lang='lat' dir='ltr'><strong>philologum</strong></span> <span class='ocrx_word' id='word_1_180' title='bbox 892 4019 1008 4087; x_wconf 85' lang='lat' dir='ltr'><strong>spero,</strong></span> <span class='ocrx_word' id='word_1_181' title='bbox 1033 3996 1094 4086; x_wconf 91' lang='lat' dir='ltr'><strong>qui</strong></span> <span class='ocrx_word' id='word_1_182' title='bbox 1111 3994 1162 4062; x_wconf 89' lang='lat' dir='ltr'><strong>si-</strong></span> 
     </span>
    </p>
   </div>
   <div class='ocr_carea' id='block_1_9' title="bbox 0 0 1437 4734">
    <p class='ocr_par' dir='ltr' id='par_1_9' title="bbox 0 0 1437 4734">
     <span class='ocr_line' id='line_1_29' title="bbox 0 0 1437 4734; baseline 0 0"><span class='ocrx_word' id='word_1_183' title='bbox 0 0 1437 4734; x_wconf 95' lang='lat' dir='ltr'><strong> </strong></span> 
     </span>
    </p>
   </div>
  </div>
 </body>
</html>
