2824 4746
485 343 550 410 De
571 343 702 412 zonis.
1034 347 1099 418 207

92 525 168 592 dam
190 522 333 617 opinioni
349 520 469 614 absque
484 515 745 598 indubitabilibus
761 523 952 612 argumentis
974 525 1099 596 minam

92 651 216 720 parare,
239 627 392 695 orationis
416 626 529 694 seriem
554 623 783 716 interrumpere
805 651 888 696 nrmc
910 630 1067 700 nolumus.

181 733 324 802 Omnem
351 730 473 800 telluris
501 727 676 822 superficiei
698 726 836 797 calorem
858 757 877 798 a
901 730 977 798 solis
1000 735 1098 803 radiis

93 837 337 920 communicari,
364 835 429 904 iam
461 850 582 905 veteres
616 833 801 916 domemur,
833 836 1099 928 quemadmodum

91 941 295 1010 Pacuvius
324 941 412 1035 apud
432 938 670 1022 Varronem,
701 937 754 1032 qui
777 937 835 1006 ait:
871 940 936 1008 Sol
962 941 996 1007 si
1016 964 1098 1029 per*

87 1056 194 1136 petuo
227 1046 289 1130 sit,
319 1055 500 1127 aethnae,
521 1042 689 1134 flammeo
721 1065 845 1134 vapore
875 1043 908 1124 (i.
931 1070 959 1114 e.
982 1044 1098 1124 calore)

90 1161 153 1218 aut
166 1150 313 1242 srr'gare
343 1160 453 1216 terrae
467 1148 616 1241 fractus
646 1171 763 1218 amnes
792 1148 981 1230 interrreb,
1026 1149 1101 1244 Ipse

90 1253 220 1322 Varro
247 1252 311 1322 alio
340 1253 449 1332 locon
484 1253 575 1322 dicit:
611 1252 710 1320 Intus
733 1277 848 1344 paene
875 1256 1101 1346 sempiternae

15 1431 17 1456 ,
47 1418 50 1434 ,
89 1360 229 1443 hiemet,
243 1381 350 1452 neque
364 1359 502 1426 auium:
530 1359 718 1453 quadrant
732 1360 886 1452 regiones
908 1361 1000 1430 inter
1023 1387 1099 1432 cae-

89 1463 159 1532 lum
191 1463 492 1555 septentrionalem
521 1473 556 1530 et
583 1463 672 1532 inter·
705 1464 880 1532 cardinem
909 1466 1012 1550 cacb',
1044 1467 1105 1534 abr·

89 1569 146 1636 sol
166 1569 272 1636 etiam
293 1591 360 1635 sen
382 1555 552 1634 mensibus
569 1568 738 1636 contr'nra's
754 1590 823 1634 non
847 1567 985 1636 vitietur.
1029 1570 1099 1636 Ita-

87 1697 152 1764 que
175 1674 212 1741 r‘a
234 1693 365 1742 oceano
388 1671 424 1738 ιἰι
446 1693 490 1736 ea
505 1683 608 1759 parte
622 1695 666 1738 ne
687 1672 844 1762 navigare
841 1669 999 1762 quidem
1017 1695 1100 1761 pos-

88 1802 125 1844 se
148 1779 268 1846 dicant
283 1785 386 1867 propt
388 1798 426 1842 cr
447 1795 545 1840 mare
575 1775 717 1865 congela
695 1784 789 1842 atum
800 1777 840 1864 ³.)
886 1773 1015 1864 Quid
1006 1779 1100 1868 rgitnr

88 1899 209 1951 veteres
244 1875 463 1961 commoverit,
498 1903 567 1946 com
597 1903 663 1946 non
697 1877 855 1952 nescirent
883 1878 1013 1972 obliquo
1043 1907 1100 1976 per

88 1987 214 2056 caelum
235 1986 345 2052 itinere
369 1983 470 2052 solem
491 1981 647 2065 incedere,
671 1984 755 2077 quod
777 2000 881 2052 utrum
897 1983 1097 2080 Pythago-

87 2116 152 2158 ras
167 2113 209 2157 an
226 2087 460 2182 Oenopides
478 2085 596 2156 Chius
611 2088 636 2165 ⁴)
652 2087 741 2179 prior
757 2088 915 2173 detexerit,
936 2115 977 2158 au
994 2095 1097 2161 Ana-

88 2195 296 2266 ximander
317 2193 515 2262 Milesius
530 2193 658 2276 ⁶),1iam
673 2193 759 2287 apud
781 2209 901 2262 veteres
925 2196 1100 2265 dubitatum

90 2303 176 2386 est⁶)
206 2341 246 2354 -
283 2299 360 2390 quid
382 2297 588 2368 commoverit
611 2322 667 2366 eos
698 2299 783 2382 dica,
812 2315 846 2366 ut
867 2301 1010 2392 regiones
1039 2303 1097 2370 sub

107 2557 136 2623 1)
159 2561 204 2609 De
221 2572 251 2606 re
268 2561 335 2606 rust.
354 2553 376 2614 1,
396 2555 421 2616 2,
442 2556 468 2606 5.
487 2553 529 2603 De
550 2549 619 2620 ling.
637 2549 735 2603 taav.
755 2567 782 2620 p.
792 2547 835 2607 dd.
853 2549 982 2607 isidor.
1003 2557 1099 2626 origg.

155 2633 237 2706 xlm
259 2647 304 2695 21.
339 2641 456 2690 Terram
479 2639 601 2692 calorem
627 2653 710 2691 auom
735 2654 751 2688 a
775 2639 834 2690 sole
853 2638 982 2708 accipere
999 2641 1098 2695 docuit

157 2727 218 2781 iam
242 2725 481 2791 Aristoteles,
507 2724 590 2777 ouius
612 2724 681 2776 haec
707 2733 773 2776 sunt
795 2723 913 2778 verba
906 2743 937 2776 m
961 2725 1037 2779 libro
1062 2729 1097 2781 de

156 2816 239 2870 coelo
258 2816 299 2880 11,
325 2817 351 2874 7.
372 2830 400 2884 p
394 2817 477 2880 289,
496 2829 526 2864 a:
551 2807 600 2863 τοῦ
627 2804 688 2862 δ’
669 2815 746 2880 αι’ροι
763 2803 818 2863 arrd
836 2807 886 2878 τὴν
903 2831 952 2864 τοι
940 2806 1100 2868 κυκλικου

157 2897 284 2971 σώματος
306 2919 371 2970 aanor
375 2919 425 2969 ραν
445 2896 522 2951 ὄντος
540 2889 643 2996 oiraiyrrnt
659 2883 842 2966 nanentens'
828 2901 927 2964 ener'nns
945 2897 1012 2952 iude
1001 2904 1098 2969 ιρμαί-

155 2976 606 3055 vartar‚rrarmrr21adtrra„ti
627 3003 642 3036 a
635 2975 738 3051 ’ἣλιοι
755 2987 899 3052 τετύχηκεν
917 2982 1098 3057 ἐπιδεδεμένος.

157 3074 205 3130 διδ
223 3071 258 3145 δὴ
278 3067 471 3142 πλησιάζοντόσ
488 3091 520 3125 τε
539 3065 622 3126 αυτοῦ
639 3077 686 3126 καὶ
704 3067 860 3140 detexerant
877 3069 959 3128 nat‘
943 3095 1009 3143 ειπερ
1027 3071 1099 3144 ἡμᾶς

157 3157 236 3218 ὄντος
257 3163 361 3232 γίνεται
378 3155 396 3227 ἡ
412 3152 561 3228 θερμότης.
587 3156 683 3222 Verba
695 3159 833 3231 adscripsi
854 3159 971 3232 integra,
991 3172 1023 3218 ut
1038 3180 1098 3236 quo

96 3233 99 3246 ¹
155 3249 244 3304 modo
268 3249 390 3302 calorem
408 3254 498 3300 terrae
515 3263 532 3300 a
550 3247 610 3301 sole
628 3248 778 3319 provocari
796 3248 938 3304 censuerit
955 3250 1098 3306 Aristote-

155 3340 200 3402 les
218 3335 404 3410 intelligatur.

105 3447 134 3514 2)
162 3449 204 3498 De
221 3461 251 3496 re
268 3451 336 3498 rust.
355 3441 378 3502 Ι.
397 3446 423 3506 2,
443 3434 470 3496 lt.

107 3554 134 3621 3)
161 3550 218 3605 cfr.
237 3565 332 3618 supra.
353 3546 471 3617 ⁰³1³·st
496 3547 522 3613 §‚
540 3551 582 3602 10.
600 3553 660 3600 not.
676 3552 719 3602 23.
746 3545 846 3600 Adde:
871 3549 1017 3602 Forster
1042 3554 1098 3605 Ge·
1191 3537 1193 3542 ¹

155 3636 278 3691 rabiente
296 3638 345 3688 der
360 3631 583 3704 Entdeckrengen
601 3633 641 3685 r'm
659 3632 784 3687 Norden.
804 3649 832 3704 p.
844 3629 888 3694 ab,

105 3740 135 3814 d)
158 3747 202 3798 De
221 3759 279 3818 quo
297 3739 425 3796 conferas
443 3735 581 3793 Fabrio.
600 3737 734 3793 Biblioth.
756 3744 803 3795 Gr.
819 3741 854 3793 11.
875 3756 900 3794 o.
922 3749 963 3797 13.
993 3745 1096 3797 Mon-

155 3819 256 3886 tucra
274 3830 397 3884 rasam
414 3829 461 3881 aes
480 3827 796 3898 nortmanorum.
816 3846 844 3901 p.
857 3825 916 3886 rat.
937 3829 997 3885 ror.

106 3937 136 4010 5)
159 3937 250 3993 Plin.
270 3937 345 3988 Hist.
363 3943 459 3987 natur.
479 3935 513 4000 11,
535 3934 578 3990 68.

107 4043 137 4116 6)
161 4041 344 4099 Plutarch.
362 4039 464 4096 Plocr'r.
482 4039 671 4114 philosopher.
690 4042 724 4108 11,
745 4047 788 4098 12.
806 4043 948 4098 Tole.
967 4060 995 4116 p.
1005 4047 1067 4104 575.
