2850 4730
294 343 338 418 ’18
459 340 702 414 Nonnullae
725 353 910 412 veterum
932 343 980 412 de
1003 347 1142 414 ventis
1249 373 1254 378 ·

294 535 353 604 tur,
378 519 464 613 quod
485 505 567 587 crica
588 518 753 588 meridiem
767 519 907 589 accidere
923 521 1071 604 solet¹¹).
1107 523 1190 594 Audi
1213 525 1306 594 etiem

293 621 472 692 Plinium
489 623 549 702 ¹⁸):
581 623 647 692 Sol
672 633 707 692 et
730 634 834 717 auget
856 635 891 694 et
913 627 1108 720 comprimit
1125 627 1306 719 flotus¹‘).

291 727 407 819 Auget
429 726 590 796 exoriens
614 729 851 822 occidensque,
866 733 1073 824 ‘comprimit
1095 733 1305 802 meridianus

293 831 432 900 aeso'vis
461 833 682 922 temporibus.
726 833 848 926 ltaque
876 837 986 905 medio
1017 837 1089 905 diei
1106 847 1169 905 out
1190 839 1305 907 noctis

287 938 490 1030 plerumque
516 941 716 1030 sopiuntur.-
759 939 821 1032 qui
851 950 915 1008 out
949 942 1052 1011 nimio
1074 943 1213 1034 frigore
1242 955 1320 1021 out.

292 1053 394 1110 aestu
429 1047 614 1113 solvuntur.
672 1042 749 1114 Non
783 1045 911 1136 ignotos
948 1047 1046 1116 luisse
1078 1049 1307 1118 Aristoteli

290 1163 402 1216 ventos
424 1149 565 1218 marinos
589 1165 621 1217 et
642 1165 805 1218 terrestres
825 1151 967 1246 pluribus
991 1178 1030 1220 ex
1052 1151 1129 1221 locis
1151 1157 1306 1246 patet¹').
1408 1171 1409 1204 ἢ

292 1251 418 1321 Ventos
461 1254 600 1322 marinos
647 1272 740 1325 vocat
780 1262 984 1351 τροπαίους,
1025 1271 1165 1326 terrenos
1208 1255 1307 1330 ’ᾰηο-
1408 1261 1409 1272 ’

290 1359 470 1446 7ἕῖους“).
525 1358 622 1453 Apud
648 1358 781 1428 Latinos
810 1361 895 1429 venti
923 1361 1045 1430 amari
1067 1361 1222 1456 spirantes
1246 1360 1303 1431 al.
1408 1357 1409 1390 l

289 1461 373 1530 tani
403 1461 660 1544 vocabantur¹').
704 1463 831 1533 Diserte
854 1480 958 1533 sutem
988 1465 1033 1533 eit
1060 1463 1305 1560 Theophras
1408 1485 1409 1566 l

290 1702 337 1772 12)
361 1701 423 1756 lem
448 1719 539 1776 prope
561 1699 679 1756 Nizzam
703 1699 780 1756 certo
805 1701 906 1757 ordine
929 1699 1011 1760 venti
1034 1719 1051 1755 a
1076 1710 1151 1757 terre
1172 1710 1202 1756 et
1223 1701 1305 1758 venti

357 1805 375 1842 e
392 1788 466 1844 meri
484 1789 622 1862 spirantes
641 1791 797 1856 alternent3
829 1805 955 1862 quorum
980 1788 1149 1860 posteriores
1172 1787 1304 1860 quotidie

360 1873 471 1930 duabus
489 1875 601 1932 circiter
618 1887 687 1932 ente
700 1874 851 1932 meridiem
870 1874 949 1931 horis
967 1883 1097 1947 snrgunt.
1119 1875 1304 1952 ¹Ct'ltizzo

358 1963 481 2016 fftstoire
503 1965 640 2046 mappella
662 1965 712 2020 des
735 1959 916 2035 principales
924 1965 1104 2034 productione
1122 1963 1157 2020 de
1174 1965 1304 2044 PEupope

357 2049 544 2104 meridionate
567 2060 592 2106 et
614 2053 873 2122 porticulie'rement
901 2049 936 2106 de
964 2052 1046 2106 celles
1063 2053 1098 2104 de
1127 2055 1201 2108 Nice.
1223 2053 1302 2112 1826.

356 2137 424 2191 Vol.
436 2139 458 2189 1.
477 2155 506 2208 p.
516 2144 577 2200 219.
613 2137 669 2194 ctr.
687 2139 814 2194 Kiimtz
831 2140 933 2198 Ledrb.
948 2139 1182 2196 derMeteorol.1.
1198 2157 1227 2210 p.
1239 2143 1300 2199 170.

357 2231 423 2294 post
451 2223 610 2282 Brendes
638 2227 771 2300 Beitrir'ge
798 2247 850 2283 zur
881 2224 1156 2300 therungskunde.
1190 2233 1301 2298 p.135.

357 2309 442 2365 Adde
460 2309 601 2367 Sieber.
619 2314 639 2366 l.
659 2314 679 2367 1.
699 2317 733 2370 11.
752 2321 837 2387 ΜΟ.
1137 2315 1143 2329 ’

288 2420 335 2488 13)
359 2420 464 2473 Hister.
483 2427 578 2473 natur.
591 2421 632 2486 11,
651 2420 697 2478 ds.
764 2474 771 2493 ι

288 2519 338 2593 tt)
358 2523 437 2593 Quae
455 2541 493 2578 ex
511 2524 717 2582 Aristotele
735 2527 896 2601 exscripsit.
925 2527 983 2587 cfr.
999 2531 1096 2583 locum
1114 2543 1200 2599 snpra
1217 2531 1244 2598 §-
1255 2534 1298 2584 11.
1409 2571 1410 2574 η

355 2618 472 2668 not-10.
491 2611 647 2666 laudatum.

286 2721 332 2790 15)
354 2721 397 2773 Ite
414 2717 508 2774 Prott.
518 2721 628 2789 XXVI,
640 2726 685 2776 30.
702 2718 804 2790 p.9l3,
823 2718 851 2774 b.
861 2721 981 2794 quaerit,
995 2735 1047 2776 cur
1057 2737 1140 2776 mene
1153 2737 1222 2774 anre
1237 2737 1300 2775 non

357 2823 375 2860 e
392 2805 466 2862 msri
485 2806 582 2880 spiret,
602 2823 619 2862 a
635 2805 805 2864 fluminibus
822 2806 922 2878 spiret.

285 2912 337 2980 1⁶)
361 2912 577 2981 ernetxxvr,
596 2911 615 2971 t
633 2901 671 2970 et.
683 2923 717 2976 s.
735 2911 839 2986 usto,
856 2911 886 2968 b.
899 2913 1070 2982 enxxvr,
1088 2909 1133 2974 to.
1147 2930 1178 2986 p.
1187 2911 1250 2982 ets,
1269 2929 1296 2981 a,

353 2995 406 3052 ubt
425 2998 482 3054 eit:
502 2995 714 3070 detrimeneta
733 2997 850 3074 circipene
868 2997 1027 3058 circinloost.

287 3103 336 3169 tt)
360 3103 518 3161 Servius
540 3106 577 3160 ed
599 3106 700 3180 Virg.
727 3109 883 3174 Aemvlt,
907 3112 959 3168 27:
994 3108 1096 3162 Fletus
1120 3109 1226 3176 omnis,
1250 3110 1298 3180 qui

354 3198 394 3243 est
407 3193 488 3264 ripae
500 3203 549 3247 aut
558 3195 653 3266 pelagi
667 3197 816 3251 altanus
829 3203 957 3261 vocatur,
971 3196 1054 3268 quest
1065 3212 1105 3249 ecc
1118 3196 1192 3249 alto
1204 3195 1297 3248 mori

353 3277 478 3350 spirens.
505 3279 608 3336 Contra
625 3282 770 3339 Plinius
787 3283 854 3338 hist.
870 3291 965 3336 natur.
977 3283 1013 3350 11,
1033 3279 1084 3343 ll:
1110 3283 1191 3338 Alios
1210 3281 1296 3347 (ven-

353 3374 397 3421 tos
415 3353 577 3436 videmus),
598 3388 666 3441 quos
683 3379 787 3426 coeant
803 3377 832 3426 A
838 3371 960 3426 Itanos
965 3407 974 3437 ‚
994 3389 1009 3424 e
1026 3379 1102 3424 terro
1119 3384 1296 3439 consurgere.

354 3455 409 3523 Qui
432 3454 555 3527 quidem,
575 3475 640 3512 eum
657 3461 766 3514 emori
784 3457 915 3525 redeunt,
936 3463 963 3514 T
966 3476 1002 3512 ro
1007 3457 1088 3529 poet
1104 3465 1253 3522 vocantur,
1272 3458 1298 3509 si

349 3552 473 3615 pergunt
485 3548 652 3618 Δρομεῖ.
679 3546 743 3604 stisi
753 3565 807 3604 suo
819 3564 900 3604 more
918 3563 978 3602 rem
995 3540 1124 3600 contudit
1140 3541 1294 3611 Plinius,

354 3629 498 3686 dissensus
516 3632 573 3686 hoo
590 3630 678 3688 modo
696 3634 845 3690 conciliari
863 3641 970 3708 potest:
1004 3629 1171 3702 Apogaei
1188 3627 1296 3687 vocan-

351 3726 399 3771 tur
409 3715 488 3772 venti
502 3734 519 3769 a
530 3726 604 3772 terre
622 3719 768 3791 spirantes,
785 3717 942 3795 Tropeei
960 3715 1075 3788 emari3
1093 3727 1212 3794 uterque
1224 3735 1295 3774 eon-

352 3801 469 3859 iunctus
486 3804 613 3858 Alteni
636 3807 737 3862 renti
744 3823 753 3878 3
771 3807 859 3864 simili
876 3805 962 3862 modo
979 3805 1220 3886 quemadmodum
1237 3802 1294 3858 flu-

351 3907 424 3943 xum
441 3898 547 3945 vocant
568 3892 642 3946 Galli
661 3895 685 3948 le
696 3897 785 3964 stus),
804 3893 946 3951 refluxum
962 3895 989 3948 le
1006 3891 1119 3963 testum,
1138 3901 1294 3965 utrumque

352 3976 554 4031 coniunctum:
577 3978 617 4032 les
634 3981 761 4050 mortes,
785 3980 891 4056 Angli:
908 3981 956 4037 tte
981 3980 1069 4051 tides,
1095 3979 1293 4056 quodsum

351 4063 451 4138 lingue
468 4064 629 4137 exprimere
645 4084 705 4122 nou
723 4085 886 4142 possumus·
