2850 4730
291 333 334 400 60
579 325 802 398 Ventorum
832 327 1002 398 theoria

288 521 455 600 angustum
491 527 528 574 os
564 501 668 588 cieat,
705 500 871 596 frigidum:
910 503 1055 597 idemque
1087 502 1122 574 in
1158 502 1287 576 flatibus

287 610 411 680 evenire
424 611 479 696 ¹⁸).
523 606 649 679 Ventos
671 607 817 678 videlicet
838 633 1037 702 nequaquam
1067 635 1124 704 per
1153 633 1188 678 se
1202 633 1289 678 esse
1365 623 1368 628 '

286 716 429 808 liigidos,
452 712 658 810 quandoper
680 711 839 806 augustias
862 713 1000 807 spirent,
1023 729 1079 782 aut
1100 713 1152 782 ubi
1174 737 1193 780 a
1217 737 1287 782 cor·

286 821 427 915 poribus,
450 843 547 913 supra
568 844 647 912 quae
668 818 797 903 irruant,
820 817 955 888 calorem
978 818 1164 902 adsumant,
1184 817 1288 888 itaut

285 923 388 994 hieme
409 923 541 1016 frigida,
572 937 687 992 aestate
709 921 810 992 calida
838 922 1010 992 videantur.
1057 923 1201 994 Omnino
1231 945 1288 991 au·

285 1045 350 1100 tem
382 1029 416 1098 in
441 1043 507 1096 tota
536 1024 778 1120 Theophrastea
805 1043 969 1096 ventorum
1004 1026 1127 1096 theoria
1153 1026 1290 1098 tenenda

286 1147 359 1202 suut
379 1130 480 1225 ipsius
502 1129 667 1209 verba¹'):
703 1129 810 1220 Quod
830 1156 853 1228 o
874 1132 948 1200 sole
969 1157 1109 1201 sursum
1127 1129 1289 1215 trahitur,

284 1259 392 1327 neque
406 1243 543 1318 notura,
558 1257 666 1326 neque
681 1234 722 1316 οἱ,
738 1235 815 1304 loeo
829 1259 1010 1305 remanere
1026 1238 1126 1322 valet,
1146 1234 1285 1324 scdfla·

284 1350 355 1406 trem
377 1338 493 1430 efficit,
515 1338 611 1417 et¹⁸)=
638 1337 766 1407 Omnes
791 1341 915 1410 ventio
935 1341 1017 1408 Sole
1039 1341 1201 1422 oriuntur,
1223 1337 1286 1404 Ιιιι-

283 1467 409 1512 morem
437 1441 508 1511 sive
534 1443 752 1536 diffundente
781 1444 853 1512 siue
880 1455 1103 1534 evaporante,
1122 1453 1201 1512 -out
1234 1442 1299 1515 ab·

281 1547 378 1616 initio
402 1546 570 1617 actionem
595 1548 770 1641 quandem
791 1547 1027 1641 qsr'eientffl').
1078 1549 1284 1629 Seneca²⁸)

283 1669 401 1738 censet,
423 1668 540 1723 terram
560 1653 665 1748 ipsam
687 1677 836 1746 magnam
859 1653 942 1722 atris
965 1654 1031 1722 vim
1052 1653 1180 1740 eiicere,
1203 1679 1286 1750 quac

281 1759 453 1843 mersisset,
475 1757 722 1826 immutationem
736 1758 840 1851 ipsam
855 1757 970 1828 halitus
992 1758 1082 1826 mixti
1102 1759 1136 1828 in
1157 1776 1285 1828 ventum

281 1862 431 1932 converti.
473 1860 649 1945 Accedere,
673 1863 759 1952 quod
780 1863 953 1932 naturalem
975 1863 1039 1931 vim
1061 1887 1132 1932 sese
1153 1888 1283 1933 moven-

282 1966 315 2033 di
338 1963 452 2032 habeat
473 1969 538 2048 air,
560 1988 663 2058 neque
684 1963 810 2046 aliunde
833 1993 905 2036 cum
925 1967 1008 2038 hunc
1029 1969 1203 2060 concipere,
1226 1971 1283 2038 sed

280 2070 385 2137 inesse
405 2065 462 2149 illi,
485 2083 520 2136 ut
542 2065 673 2135 aliarum
693 2094 808 2158 rerum,
830 2087 863 2140 ct
880 2072 971 2141 huius
992 2073 1174 2169 potentiam.
1207 2073 1282 2142 Me·

280 2171 344 2239 lior
370 2169 511 2264 prolecto
541 2171 579 2240 de
605 2188 768 2242 ventorum
791 2176 911 2269 origine
934 2176 1104 2246 Diodori
1132 2193 1181 2246 est
1209 2202 1281 2246 sen-

282 2276 397 2346 tentia..
435 2275 557 2370 Libyae
592 2277 675 2346 enim
705 2279 829 2348 deserta
853 2281 947 2350 refert
974 2300 1029 2352 aut
1055 2273 1148 2377 nullis
1178 2284 1281 2352 ventis

281 2379 417 2476 perflari,
439 2396 493 2449 aut
515 2380 544 2448 si
566 2381 619 2478 qui
634 2379 719 2470 flent,
742 2386 913 2456 admodum
934 2387 1020 2456 leves
1043 2413 1115 2458 esse
1136 2405 1168 2458 et
1196 2387 1282 2457 iufir-

278 2510 361 2554 mos.
405 2486 529 2554 Airem,
549 2510 672 2580 quoque
703 2512 928 2583 saepenumero
954 2492 1129 2561 mirandum
1150 2492 1184 2560 in
1204 2516 1281 2559 'mo-

230 2669 234 2676 ,
279 2591 361 2660 dum
378 2615 449 2658 esse
473 2589 611 2682 quietum
626 2608 657 2660 et
671 2591 766 2687 plane
780 2595 983 2682 immobilem,
1007 2623 1083 2666 cnm
1105 2597 1192 2665 nulli
1209 2597 1280 2664 sint

159 2691 162 2698 ’
277 2697 313 2764 ἰη
337 2694 458 2766 oicznr'o
480 2697 605 2783 saltus,
633 2699 749 2766 nullae
777 2702 981 2769 convallium
1011 2703 1165 2784 umbrae,
1195 2699 1285 2768 nulli

278 2805 486 2874 extuberent
513 2805 632 2891 colles,
667 2802 752 2876 niln‘l
775 2829 908 2898 quoque
936 2805 1082 2874 omnium
1108 2807 1279 2874 maiorum

279 3069 328 3140 16)
352 3070 552 3137 conserantur,
576 3091 649 3146 quae
679 3080 748 3146 §.3ss
777 3096 807 3150 p·
825 3083 875 3139 758
900 3075 974 3132 dixit
1001 3086 1030 3132 et
1051 3078 1278 3136 Aristotelis

347 3155 445 3210 Prodl.
455 3160 563 3227 XXVI,
574 3155 619 3218 lt.
636 3162 842 3220 Alexandri
859 3164 1165 3262 Aphrodisiensis
1183 3167 1276 3223 Probt.

345 3245 395 3311 Vl,
416 3241 460 3305 ll·
531 3303 533 3308 ,

278 3355 324 3424 17)
352 3350 390 3407 'Po'
415 3344 537 3419 α’ναχθὲν
558 3349 611 3408 aiud
633 3351 681 3410 eoi
703 3351 778 3425 η’λιόυ
795 3362 886 3430 piretu
906 3355 966 3416 uiae
982 3355 1099 3432 trepondo
1114 3354 1174 3415 oica
1191 3356 1277 3416 doud-

345 3459 428 3510 μενον
446 3444 558 3511 φέρεται
575 3448 620 3497 καὶ
634 3448 712 3499 ποιεῖ
728 3442 820 3519 πνοή).
839 3452 864 3516 §.
874 3447 918 3509 td.
938 3467 966 3521 p.
977 3450 1038 3510 766.

277 3548 325 3619 18)
346 3545 444 3602 Πάντα
459 3545 511 3622 ytp
537 3548 753 3623 (aduncinare)
770 3550 842 3620 μετᾶ
859 3553 908 3608 roi
925 3552 1002 3626 n‘lt'ov
1022 3552 1177 3623 διαχέαντος
1192 3550 1225 3611 ed
1242 3551 1277 3608 ν’-

345 3630 448 3781 ypqqsi)
465 3635 625 3734 dentientes
641 3643 742 3712 γίνεται
756 3637 972 3717 ἢσυνεργοῦντος
982 3639 1021 3700 eis
1030 3640 1184 3717 τὴνάρχήν.
1197 3647 1221 3714 5.
1231 3640 1275 3700 tt.

344 3739 373 3792 p.
437 3758 444 3774 .

277 3825 324 3896 19)
341 3825 495 3880 Theoriam
514 3826 762 3901 Theophrasti
777 3836 849 3892 tueri
867 3847 985 3893 conatus
1003 3849 1047 3895 est
1064 3843 1205 3911 Volnoy
1218 3842 1276 3897 Vo-

342 3930 418 3984 yage
435 3930 470 3966 en
487 3914 566 3984 Syrie
582 3923 607 3966 et
624 3934 658 3972 en
675 3913 791 3992 Egypte.
826 3927 908 3980 Tem.
919 3927 940 3980 1.
960 3943 988 3998 p.
998 3928 1060 3986 326·
1077 3944 1144 4000 sqq.

275 4017 324 4089 20)
350 4023 461 4086 (tuaest.
479 4029 572 4077 natur.
580 4023 618 4090 V,
634 4019 662 4080 lt.
680 4041 743 4099 sqq.
