2832 4740
488 263 736 358 effectibus.
1056 274 1122 342 169

123 441 232 532 Quod,
254 455 403 536 quantum
415 437 562 534 equidem
576 439 655 526 scio,
676 463 839 534 uunquam
853 441 1025 520 recentiore
1046 469 1127 518 aevu

123 546 333 631 observatum,
346 543 464 614 suctum
478 567 550 617 esse
561 561 668 614 tumen
678 543 734 614 alii
745 563 1006 620 commemorante
1026 575 1128 646 neque

121 649 222 743 magis
230 649 581 744 observammestquod
593 650 778 729 Seueeu’)
786 648 891 734 refert,
899 651 1129 750 quipustqemm

122 754 212 850 diuite
228 754 411 824 Caeterum
422 752 511 822 nu'ra
508 753 673 848 fulminis
686 755 1125 843 aperusunt-Laculrsin·

120 858 220 951 tegris
245 883 289 927 ae
309 857 438 928 illaesis
461 856 632 950 conflatur
654 867 840 950 argentum.
883 860 1049 935 Maneate
1072 889 1128 935 va·

119 963 210 1054 gina,
239 965 378 1057 gladius
406 962 572 1056 liquescit.
614 960 667 1030 Et
693 962 855 1032 inviolata
893 963 1002 1062 tutuo,
1035 968 1126 1038 eirea

117 1067 193 1157 pila
215 1092 315 1136 amne
327 1068 470 1160 serrum
496 1067 652 1136 destillat
665 1107 714 1122 ·-
738 1067 862 1137 adiicit:
899 1071 983 1140 Stat
996 1071 1127 1166 fracta

120 1171 210 1238 dolio
242 1171 369 1256 riuum,
399 1195 462 1240 nee
491 1171 583 1240 ultra
616 1171 767 1242 triduum
795 1173 890 1266 rigor
917 1174 982 1244 iste
1009 1177 1127 1246 durat.

125 1275 223 1366 Quod
245 1275 358 1346 deinde
381 1275 481 1362 addit,
507 1303 661 1348 venenum
683 1275 821 1348 fulminis
843 1303 904 1374 ope
926 1277 959 1352 in
981 1281 1126 1350 animali·

118 1379 175 1446 bus
198 1380 380 1466 absorberi,
410 1381 444 1449 id
466 1397 650 1474 argumento
673 1397 776 1452 earet:
813 1387 897 1478 quod
919 1384 1003 1452 enim
1024 1385 1124 1470 addit,

118 1511 238 1553 verines
266 1487 300 1554 in
330 1483 529 1580 serpentibus
555 1482 685 1556 fulmine
707 1487 777 1558 ictis
806 1503 882 1582 post
910 1511 1027 1581 paucos
1057 1489 1126 1560 dies

119 1589 216 1674 nasei,
238 1589 340 1685 quiin
353 1588 518 1660 venenatis
533 1591 717 1684 corponbus
736 1589 823 1684 gigni
836 1607 1001 1686 nequeant,
1015 1591 1049 1660 id
1063 1592 1127 1662 iam

118 1691 228 1760 melius
261 1695 364 1765 edocti
393 1693 507 1764 nullius
530 1717 600 1764 esse
629 1695 777 1788 ponderis
805 1695 885 1764 bene
916 1693 1125 1786 intelligimus.

115 1798 303 1869 Audiendus
333 1801 427 1870 etiam
458 1814 508 1868 est
537 1797 713 1884 Plinius,
740 1796 793 1894 qui
820 1795 934 1880 uit¹'):
976 1797 1125 1868 Tertium

117 1903 239 1996 [genus
266 1904 455 2000 fulminum]
479 1913 543 1990 est,
566 1903 661 2000 quod
681 1905 816 1974 clarum
840 1899 978 1989 uocant,
1010 1903 1125 1996 mirfi-

117 2031 181 2076 cae
207 2010 363 2078 manime
380 2013 552 2092 ¹naturae,
584 2031 650 2101 qua
678 2008 772 2078 deba
794 2008 1044 2078 eabaun'untur
1074 2008 1124 2078 in·

118 2114 222 2182 tactis
256 2113 489 2206 operimentis,
523 2113 684 2206 nulleque
714 2114 788 2184 'alia
826 2113 962 2206 uestigio
991 2114 1125 2185 relicta.

117 2217 255 2286 Aurum
278 2228 313 2290 et
333 2243 395 2286 aes
419 2229 454 2288 et
474 2229 648 2311 argentum
671 2217 821 2312 libuatur
837 2218 941 2303 intus,
975 2219 1125 2290 sacculis

113 2321 200 2409 rjusr's
231 2323 327 2392 nullo
350 2323 452 2402 modo
476 2323 660 2405 ambustis,
692 2346 736 2391 ae
757 2347 801 2391 ne
824 2323 968 2411 confuso
991 2322 1126 2415 quidem

112 2424 208 2518 signa
243 2446 363 2497 ceree.
413 2427 552 2498 Marcia
580 2427 742 2517 princeps
781 2425 1018 2494 Romanarum
1053 2427 1127 2495 ieta

113 2531 277 2619 grauida,
301 2543 411 2621 partu
433 2530 649 2612 exanimate,
679 2529 759 2617 ipsa
782 2530 873 2598 citra
901 2530 1007 2598 ullum
1029 2530 1128 2599 aliud

114 2637 367 2705 inaommodum
391 2635 487 2704 vixit.
530 2639 575 2704 In
600 2631 822 2704 Catilinen‘is
832 2633 999 2724 prodigiis
1021 2637 1124 2702 Pom·

113 2727 246 2831 peiurio
278 2765 325 2809 eu
347 2740 526 2825 mtenieipio
549 2739 599 2806 M.
619 2735 813 2806 Herennius
844 2736 982 2802 decurio
1010 2759 1127 2802 serene

116 2847 175 2938 die
185 2846 342 2936 fulmine
363 2846 449 2912 ictus
466 2855 519 2911 est
533 2883 577 2893 -
591 2857 622 2910 et
638 2840 701 2909 alio
723 2839 794 2910 loco
818 2836 977 2925 addit¹¹)=
1014 2837 1128 2906 Unum

116 2946 259 3016 animal
288 2943 455 3016 bominem
482 2971 550 3015 non
584 2970 720 3037 semper
754 2941 956 3034 exstinguit,
992 2951 1129 3012 eaeteru

119 3053 237 3124 illice.-
277 3051 366 3118 lzune
397 3050 553 3120 vilelicet
580 3061 712 3122 natura
752 3049 920 3117 tribuente
957 3046 1126 3131 benorum,

122 3181 203 3230 eum
225 3165 279 3223 tot
299 3155 432 3224 belluae
456 3154 582 3222 uiribus
600 3165 793 3246 praestent.
842 3154 976 3223 Omnia*
991 3163 1126 3222 contru-

122 3264 212 3334 rr'as
227 3259 392 3330 incubant
419 3258 456 3326 in
480 3270 623 3349 partes.-
665 3262 782 3344 boma,
817 3257 886 3326 nisi
914 3268 1133 3325 eonvertatur

122 3373 162 3439 in
180 3351 380 3458 percussas,
403 3385 472 3430 non
484 3363 652 3454 exspirat.
696 3365 850 3453 Superne
864 3360 928 3427 icti
939 3361 1129 3427 considunt.

128 3475 282 3565 Vigilans
311 3470 399 3544 ictus
427 3465 679 3536 conniventibus
712 3464 839 3548 acutis,
870 3463 1036 3530 dormiens
1064 3485 1129 3551 pa-

146 3758 180 3828 9)
204 3762 318 3826 Quaen·
336 3761 444 3836 naull,
461 3765 506 3826 31,
524 3753 576 3812 ubi
594 3754 655 3818 vid.
674 3763 771 3814 noum
787 3751 938 3810 Mureti..

130 3865 176 3932 10)
201 3866 276 3919 Htss.
294 3874 355 3918 nus.
375 3867 411 3932 11,
430 3871 474 3922 52.

130 3975 177 4041 11)
200 3975 272 4030 lna.
291 3981 351 4028 net.
360 3973 397 4040 11,
411 3977 458 4032 55.
