2846 4734
306 329 348 398 36
651 321 713 389 De
745 323 967 412 vaporibus

305 501 399 571 lunae
425 497 568 594 proxima
578 503 614 578 ²).
660 497 710 566 tbi
740 523 811 567 cum
840 496 922 567 sorte
945 496 1072 568 fortuna
1093 513 1196 566 motus
1226 498 1316 588 orbi·¹

208 627 212 638 '
305 603 420 676 cidaris
442 605 477 673 in
498 611 572 673 aire
592 620 781 697 provocatus
803 602 908 688 suerit,
938 603 1082 672 succendi
1103 602 1220 671 elatam
1243 627 1309 670 rne-

304 711 430 793 teriora,
463 733 594 804 eamque
631 707 689 774 snb
716 707 820 776 forma
847 708 931 799 ignei
959 706 1062 800 globi,
1095 707 1160 776 sive
1199 706 1311 776 stellae

196 841 199 850 ’
305 813 543 897 transsilientis‚
575 812 640 879 sive
668 808 730 880 alia
758 827 940 906 quecunque
963 812 1021 879 suh
1060 809 1179 897 forma,
1215 809 1312 880 veluti

304 923 474 1014 caprae⁴),
497 918 538 986 ad
561 915 678 984 terram¹
704 916 816 985 redire.
862 914 984 985 Omnia
1009 915 1193 984 enim-haec
1212 913 1313 1008 phae-

303 1047 439 1092 nomena
461 1047 497 1090 er
520 1023 632 1090 eadem
653 1044 748 1089 causa
769 1021 845 1088 oriri
865 1034 965 1116 putat,
987 1045 1089 1113 neque
1112 1019 1232 1090 aliare
1254 1018 1313 1087 dif-

301 1127 393 1210 ferre,
414 1124 477 1194 nisi
500 1126 546 1216 τῷ
566 1125 701 1214 μᾶλλον
719 1125 742 1222 ἢ
763 1125 811 1214 τῷ
831 1122 940 1222 ἧττον.
967 1123 1095 1192 Motum
1111 1125 1205 1216 igitur
1219 1124 1253 1190 in
1267 1139 1313 1192 at·

302 1228 509 1324 mosphaerae
537 1246 627 1324 parte
650 1228 741 1298 siccis
770 1229 970 1322 potissimum
992 1229 1161 1324 vaporibus
1189 1227 1314 1318 repleta

303 1348 420 1418 ortum,
461 1332 597 1428 primam
632 1334 698 1402 eins
734 1332 819 1400 modi
856 1331 1146 1427 phaenomenomm
1182 1357 1310 1400 causam

277 1509 280 1516 Ι
302 1433 410 1506 statriit
419 1440 463 1522 ⁴),
493 1437 542 1506 cui
565 1435 677 1504 deinde
700 1437 832 1516 alteram
853 1431 1013 1530 subiungit
1042 1437 1137 1521 hauc,
1167 1462 1204 1506 ex
1233 1444 1308 1505 aire

302 1541 334 1610 vi
359 1540 604 1632 refrigerationis
632 1540 734 1633 magis
755 1543 919 1634 magisque
942 1541 1128 1610 consistente
1152 1539 1225 1622 (διᾰ
1246 1537 1311 1634 τήν

301 1643 407 1737 ψύξιν
423 1649 655 1736 συνιςαμένου
678 1646 740 1716 τοῦ
760 1643 875 1741 ἀέρος)
897 1645 1060 1715 calidiores
1074 1661 1182 1736 partes
1206 1670 1310 1738 segre·

301 1751 384 1842 gari,
415 1778 495 1846 quae
517 1769 629 1820 natura
660 1751 786 1844 quidem
813 1774 934 1818 sursum
962 1750 1031 1818 tolli
1060 1751 1224 1834 deberent,
1252 1752 1312 1816 sed

302 1853 454 1945 singulari
481 1856 512 1922 vi
544 1855 691 1923 deorsum
718 1852 873 1922 ferrentur
896 1859 972 1946 (βίᾳ
994 1854 1059 1944 μὲν
1079 1851 1187 1935 κάτω,
1214 1850 1310 1951 φύσει

301 1955 341 2026 δὲ
354 1954 450 2038 ἄνω).
482 1957 576 2049 Quae
590 1958 683 2050 igitur
697 1956 900 2053 in‘supremis
913 1959 1049 2029 existant
1064 1959 1130 2028 eins
1146 1959 1233 2028 modi
1243 1983 1308 2028 me-

195 2124 197 2132 ·
262 2137 271 2158 ,
307 2119 520 2150 ὼ...

322 2239 352 2305 2)
373 2232 431 2306 Τὴν.
444 2262 495 2311 μεν
511 2241 690 2322 πνευματώδη
708 2241 924 2316 (ἀναθυμίασιν)
943 2241 1118 2307 ἐπιπολάζειν
1130 2241 1225 2298 διαὶ
1193 2265 1224 2297 το
1240 2248 1313 2316 sieq-

369 2321 435 2393 μᾶν,
464 2350 516 2396 την
539 2324 563 2382 ὅ
579 2326 726 2403 ιῖγροτὲραν
748 2329 902 2403 ricitacum
927 2329 1029 2386 διιὶ
997 2353 1030 2386 το
1053 2329 1145 2404 βάρος.
1167 2332 1312 2386 Metcorol.

273 2459 281 2478 ,
370 2412 392 2477 1,
411 2407 437 2468 4.
475 2417 538 2485 Qua
555 2415 593 2472 de
608 2418 747 2475 sententie
765 2417 953 2474 conferendus
965 2417 1190 2474 Aristoteles
1203 2424 1310 2472 Meteo-

368 2498 422 2552 rol.
432 2501 466 2568 11,
488 2500 506 2558 4
525 2501 601 2572 (ubi,
619 2521 686 2560 cum
703 2506 826 2580 generali
842 2504 960 2562 nomine
979 2505 1114 2580 indigeat,
1131 2504 1239 2561 siccum
1258 2521 1314 2562 ve·

370 2600 468 2654 porem
488 2586 594 2644 καπνόν
612 2592 747 2648 sumum
765 2610 867 2650 vocare
884 2591 1005 2663 statuit),
1024 2595 1057 2648 de
1074 2592 1180 2650 mundo
1197 2607 1222 2648 c.
1234 2589 1265 2654 4,
1281 2610 1310 2665 p.

368 2668 431 2734 394.
449 2690 474 2727 a.
493 2684 521 2730 et
539 2678 671 2734 Seneca
690 2685 802 2747 Quaest.
821 2683 944 2747 nonani,
965 2687 990 2736 t.

321 2777 351 2845 3)
369 2777 411 2831 Ite
434 2779 513 2835 enim
535 2782 629 2860 Latini
651 2783 802 2856 scriptores
826 2785 1041 2841 Aristotelicum
1064 2784 1135 2856 eires
1157 2794 1309 2841 converte-

278 2945 281 2954 Ι
305 2893 310 2902 ·
369 2862 448 2921 bant
483 2869 545 2924 Etsi
568 2873 707 2944 quaerere
720 2872 801 2942 licet,
827 2881 924 2929 utrum
947 2889 978 2928 re
1002 2889 1069 2929 vere
1086 2871 1186 2926 Graeci
1203 2871 1240 2927 de
1258 2889 1309 2927 ce-

368 2967 435 3019 ptae
453 2952 544 3007 forma
562 2957 757 3030 cogitaverint,
777 2977 830 3016 nec
848 2959 944 3033 potius
961 2959 1092 3026 nominis,
1110 2975 1169 3034 qno
1181 2961 1308 3032 phaeno-

303 3041 321 3078 -“
367 3051 476 3092 menon
497 3038 636 3114 insignire
658 3043 804 3112 solebant,
828 3045 995 3118 significatio
1019 3064 1086 3101 oum
1109 3042 1242 3103 verbo'
1223 3045 1309 3100 αἵσσω

368 3122 538 3181 cohaereat?
572 3127 642 3184 lude
665 3129 742 3185 enim
759 3131 868 3187 fectum
885 3141 942 3199 est,
968 3141 1001 3185 ut
1019 3149 1135 3208 magnas
1152 3133 1238 3190 meris
1253 3151 1310 3188 un-

368 3206 474 3264 das
445 3210 523 3284 αἶγας
543 3215 684 3290 sequioris
709 3217 774 3274 aevi
791 3219 944 3290 scriptores
960 3231 1104 3277 vocarent.
1142 3219 1183 3277 Cf.
1202 3225 1310 3276 Arte-

306 3331 311 3338 ·
367 3294 496 3360 midor
511 3302 551 3370 tt,
576 3310 619 3370 12,
643 3303 792 3360 laudatum
814 3306 1049 3364 Schneidero.
1087 3311 1144 3363 Nec
1167 3305 1226 3360 nisi
1251 3307 1308 3363 alie

304 3421 309 3426 -
368 3382 497 3440 eiusdem
514 3388 649 3445 vocabuli
671 3391 763 3447 forme
780 3411 841 3450 esse
858 3393 986 3466 videtur,
1010 3413 1067 3469 qua
1084 3392 1309 3463 Apollonius

366 3472 529 3531 Rhodius
548 3477 636 3532 utitur
653 3479 703 3549 tv,
723 3486 784 3547 82⁰,
803 3477 910 3552 ἆνέμων
927 3477 1010 3536 itaer.
1036 3481 1238 3536 Phaenomena
1253 3482 1309 3554 igi-

354 3559 521 3616 ‚tortorem
533 3563 650 3620 tortasse
668 3564 749 3638 αἶγες,
767 3585 840 3640 quae
858 3567 1035 3623 celeriter
1053 3584 1198 3639 prorum
1210 3578 1308 3639 punt,

370 3652 518 3720 tamquam
538 3653 671 3719 procelle,
690 3652 753 3708 sire
770 3643 900 3710 fulminis
919 3653 1071 3709 adinstar.
1105 3657 1148 3709 De
1160 3671 1309 3727 caprarum

305 3767 309 3776 .
366 3728 476 3794 fonnis,
494 3751 564 3806 quas
582 3736 668 3790 etiem
685 3739 805 3795 cometis
821 3739 945 3817 tribuere
963 3741 1102 3810 solebant,
1120 3740 1311 3802 conterendus

368 3817 550 3874 Manilius
568 3827 762 3893 Astronomql
786 3833 846 3884 833
866 3843 931 3900 sqq.

305 3913 379 3988 ,4”)
381 3927 434 3978 Οτι
459 3916 566 3994 μὲν
535 3945 582 3981 ουν
603 3927 659 3983 erro
683 3927 731 3999 τῆς
753 3935 881 4068 nemoroso
902 3927 920 4008 ἡ
943 3928 1307 4060 competentissimum

324 4005 450 4080 γεννᾷ
467 4007 561 4067 votiva
641 4027 661 4074 ‚'
870 4059 873 4068 .
969 4060 973 4070 .
