2850 4730
347 371 462 460 apud
483 375 661 458 ueteres
675 369 922 439 nominibus.
1097 379 1139 452 67

14 563 15 574 ¹
129 569 197 632 rus,
220 561 370 642 ortusque
392 545 544 638 bibemus
566 559 599 612 et
621 545 769 614 aestivus.
813 545 863 613 Ita
882 545 1000 618 iactum
1023 566 1081 635 est,
1103 569 1139 624 ut

129 652 291 744 regiones,
321 652 406 720 unde
433 659 504 720 octo·
532 649 580 718 illi
611 648 695 720 venti
723 651 896 742 spirarent,
932 676 997 722 non
1027 657 1137 728 eodem

129 759 233 852 spatio
257 757 420 824 distarent.
468 755 560 828 Venti
583 754 678 840 enim,
706 753 760 850 qui
782 754 823 824 ab
847 751 1011 824 occa'sibus
1034 775 1065 828 et
1086 785 1137 829 or·

125 862 229 930 tibus
253 860 473 929 solstitialibus
511 860 692 956 spirabant,
739 883 759 926 a
801 857 949 954 Zephyro
982 877 1014 930 et
1049 863 1137 940 Euro

127 965 261 1058 triginta
281 962 347 1034 fere
369 965 520 1058 gradibus
545 965 715 1034 distabant.
761 963 858 1034 Unde
873 965 927 1034 atii
940 989 1042 1037 novos
1064 966 1138 1058 iilos

127 1086 263 1164 quatuor
284 1085 394 1138 ventos
426 1069 583 1138 veteribus
605 1069 809 1138 intermedius
832 1069 1061 1158 faciebaut¹⁸),
1084 1071 1139 1146 olii

124 1175 246 1244 mnium
267 1176 371 1271 spatia
391 1176 504 1245 iterum
519 1173 698 1244 dividebant
719 1173 782 1258 ita,
812 1190 846 1244 ut
869 1175 1036 1246 duodecim
1063 1173 1139 1248 reu·
1173 1203 1176 1210 ·

125 1469 173 1539 ts)
198 1467 367 1538 ltefaotum
386 1477 446 1522 eret
463 1468 496 1522 in
513 1477 665 1524 ventorum
685 1465 776 1535 turri,
796 1484 883 1542 quem
902 1466 1137 1526 Andronicus

196 1553 419 1625 Cyrrhestes
445 1554 567 1610 Athenis
592 1554 684 1608 forms
713 1562 850 1626 octogona
880 1562 1072 1620 exstruxerat,
1100 1553 1136 1609 de

193 1659 254 1713 que
272 1642 348 1710 apud
365 1642 584 1697 Vitruvium
604 1640 652 1706 (de
671 1639 925 1706 urentissimus)
945 1637 1016 1696 bueo
1032 1641 1137 1712 legun-

195 1735 257 1781 tur:
297 1731 352 1793 Qut
381 1725 544 1798 diligentius
567 1727 808 1797 perquisiverunt,
838 1723 1017 1778 tradiderunt
1042 1735 1137 1779 uentos

194 1831 254 1870 esse
279 1823 356 1868 octo:
381 1814 513 1867 maxime
530 1812 644 1886 quidem
663 1813 890 1866 Andronicus
908 1811 1137 1884 Gyrrbestes,

194 1904 241 1974 qui
259 1903 343 1956 etiam
355 1901 518 1972 exemplum
530 1901 679 1958 collocavit
688 1899 815 1968 Athenis,
834 1901 935 1954 turrim
945 1915 1138 1959 marmoream

193 2005 347 2062 octogonon
365 1997 390 2042 et
407 1989 438 2042 in
454 1989 575 2064 singulis
593 1985 726 2042 lateribus
739 1989 865 2060 octogoni
877 1988 1054 2060 singulorum
1066 2005 1137 2043 uen-

193 2087 286 2132 torum
311 2078 453 2152 imagines
477 2067 655 2148 exsculptos,
682 2083 782 2128 contra
803 2092 868 2148 suos
892 2077 1025 2146 cuiusque
1040 2073 1137 2141 flatus

193 2163 364 2238 designarit,
383 2155 525 2239 supraque
542 2180 606 2217 eom
619 2164 719 2216 turrim
737 2171 842 2216 mnam
860 2163 1135 2234 momoream'per·

184 2251 259 2324 jecit
284 2262 310 2306 et
332 2255 447 2324 insuper
468 2254 610 2306 Tritonem
629 2266 742 2302 aereum
760 2249 921 2316 collocavit,
946 2249 1136 2304 deutra-mer·-

191 2355 232 2392 nu
252 2340 367 2414 virgam
387 2343 575 2413 porrigentem
593 2347 619 2391 et
640 2339 682 2390 itu
700 2345 740 2390 est
761 2337 960 2404 machinatus,
989 2341 1031 2392 rut
1054 2348 1134 2396 unito

192 2427 430 2500 circumageretur
452 2438 478 2482 et
501 2444 611 2498 semper
638 2433 738 2478 contro
756 2425 865 2492 flatum
895 2427 1066 2490 consisteret,
1085 2443 1136 2480 su-

190 2529 299 2584 praque
320 2517 475 2586 imaginem
492 2513 599 2586 flantis
621 2512 697 2565 venti
728 2505 848 2566 indicem
881 2514 994 2584 virgum
1022 2519 1134 2578 teneret.

192 2601 249 2656 Ista
266 2593 455 2658 turris'hodie
475 2615 590 2674 quoque
602 2605 705 2664 exstat,
725 2595 787 2651 aliis
799 2596 899 2652 usibus
918 2597 1064 2654 destinata.
1093 2597 1134 2655 cf.

192 2685 290 2758 Spon
310 2686 370 2742 und
388 2689 538 2744 Wheler
556 2683 847 2756 Reisebesebreibung.
878 2685 1041 2758 Niirnberg.¹
1055 2687 1134 2748 1690.

192 2771 573 2848 so1.11.p.st.1³oeooke
597 2771 806 2840 Besebreibung
830 2771 879 2824 des
903 2761 1135 2843 Morgenlandes.

193 2864 338 2934 Erlangeu
352 2867 430 2922 1755.
444 2858 472 2918 lt.
482 2863 530 2913 111.
550 2877 580 2932 p.
599 2858 651 2916 2216
677 2867 706 2934 et
729 2855 762 2908 in
784 2853 859 2907 libro
886 2855 1039 2928 inscripto:
1076 2865 1136 2914 Zu-

196 2949 275 3002 siitze
286 2965 324 3000 zu
337 2947 387 3000 der
402 2947 588 3018 oligemeinen
602 2941 841 3015 Weltgesciiicbte.
850 2943 884 2996 11.
899 2959 927 3015 p.
940 2939 1001 3011 503,Ι
1019 2943 1070 3000 ubi
1089 2956 1136 3002 tu-

191 3049 259 3088 men
281 3032 359 3088 deest
380 3031 490 3090 tabule.
528 3032 586 3086 Tite
608 3034 777 3105 Amiquities
803 3030 839 3102 of
854 3031 968 3098 ,Artem
994 3029 1035 3102 by
1051 3031 1135 3088 Stu-
1238 3026 1239 3030 ¹

194 3128 251 3174 ert
273 3119 330 3174 end
347 3125 482 3178 Revett.
502 3122 568 3176 Vol.
585 3122 606 3173 1.
626 3121 725 3192 Chapt.
743 3127 769 3177 3.
787 3121 829 3174 Pl.
849 3125 962 3182 1-19.
1000 3121 1045 3175 Le
1062 3125 1135 3192 Roy

197 3213 251 3262 Les
274 3210 368 3262 ruines
387 3208 436 3263 des
451 3209 516 3279 plus
535 3207 631 3264 beouae
648 3225 814 3262 monumms
832 3205 868 3262 de
886 3209 916 3262 lo
937 3207 1032 3270 Grice.
1058 3209 1137 3266 Paris

127 3307 130 3312 '
193 3298 273 3358 1770.
291 3295 374 3348 Tom.
391 3297 426 3348 11.
445 3315 474 3368 p.
486 3304 501 3358 Ἰ
512 3325 547 3338 —-
559 3303 601 3354 10.
618 3297 660 3350 ΡΙ.
675 3297 725 3362 ΙΙΙΙ.
745 3305 774 3351 et
790 3311 819 3366 p.
833 3301 965 3353 50-51.
985 3297 1027 3349 ΡΙ.
1038 3299 1135 3352 XXV.

191 3381 292 3438 Obiter
309 3385 474 3437 mdneamus
494 3393 638 3452 ruptorem
656 3382 743 3438 turris
767 3381 844 3453 opud
859 3385 1067 3436 Varronem
1087 3382 1136 3451 <de
1171 3453 1176 3462 .

192 3489 223 3523 re
233 3481 301 3526 rust.
313 3471 361 3536 111,
374 3475 400 3536 5,
416 3469 461 3534 17)
481 3457 722 3540 Cyrrhestem,
742 3485 801 3523 non
818 3467 915 3522 addito
935 3466 1063 3534 nomine,
1080 3487 1136 3526 ro-

193 3556 261 3612 eari.
288 3557 397 3612 Eodem
408 3558 474 3610 loeo
488 3559 573 3614 turris
584 3557 639 3614 ists
649 3565 768 3614 vocatur
785 3551 1036 3624 horologium,
1057 3555 1135 3628 quod

125 3709 127 3714 Ι
193 3645 697 3720 Salmasiusiusurologium
713 3640 942 3698 mutorevoluit.
977 3640 1019 3694 At
1033 3654 1136 3714 perpe-

192 3748 270 3792 ram:
298 3731 448 3807 gnomonis
482 3731 561 3787 eninr
577 3731 734 3808 fragments
752 3727 785 3782 iu
802 3726 864 3784 sius
881 3726 971 3783 muris
990 3726 1065 3789 vidit
1085 3728 1138 3798 odg-

192 3821 260 3892 huo,
278 3833 365 3894 quem
374 3818 564 3886 laudavimus,
579 3819 749 3874 Podouke.
779 3817 956 3883 columnam,
965 3815 1138 3874 Atheniensi

192 3908 239 3964 illi
262 3917 415 3966 ventorum
441 3908 512 3964 turri
530 3923 591 3962 non
604 3905 781 3974 ¹absimilem,
809 3903 1062 3976 Constantinopoli
1083 3923 1137 3960 ex·

193 3995 312 4065 stitisse,
350 3995 449 4052 docuit
477 3996 683 4052 Beolsmenu
714 3995 848 4070 Beitru'ige
879 4011 932 4049 zur
960 3994 1063 4052 Gessit.
1086 3992 1137 4048 der

192 4083 404 4158 Brfindungen.
421 4085 550 4142 Votlv.
569 4102 599 4158 p.
619 4079 682 4144 516.
701 4099 765 4160 sqq.

815 4193 816 4196 ,
886 4168 925 4227 5*
