2832 4740
290 305 351 378 172
635 297 697 364 De
706 297 945 388 fulminum
964 353 968 364 .
1024 347 1027 362 .

278 491 576 588 fiunt,·luucretii
593 493 638 569 '):
682 489 793 586 Ignes,
823 489 884 586 qui
897 513 964 582 per
987 490 1066 563 loca
1089 498 1189 578 septa
1210 479 1292 557 insi-

281 598 409 668 nuarit.

732 797 762 877 ς.
784 796 838 858 ss.

365 917 428 986 De
443 915 666 1002 'fulminum
687 912 814 982 noee's
839 913 1197 983 auerruncandis.

366 1057 434 1124 lam
456 1054 549 1122 nohis
571 1054 679 1124 relicta
700 1067 750 1122 est
771 1055 933 1146 quaestio,
963 1071 1040 1120 nunt
1070 1069 1195 1121 veteres
1223 1052 1285 1121 lul-
1401 1075 1402 1084 ¹

277 1165 397 1234 minum
424 1182 520 1226 noxas
549 1158 777 1229 averruncandi
806 1155 987 1226 methodum
1009 1156 1127 1224 norint.
1170 1163 1284 1247 Impe-

275 1267 350 1336 rari
375 1272 531 1346 naturae,
561 1262 606 1331 ait
635 1260 792 1332 Plinius
809 1265 848 1348 ¹),
878 1262 1024 1330 audacis
1054 1273 1108 1329 est
1135 1263 1279 1330 credere.

273 1371 351 1440 Inde
373 1365 603 1457 iom.colligas,
619 1355 713 1433 'nihil
737 1391 775 1434 ea
798 1368 837 1434 de
858 1393 892 1434 re
915 1365 1069 1434 veteribus
1098 1366 1278 1450 innotuisse,

271 1474 355 1572 quod
384 1471 479 1540 etiam
500 1496 538 1540 ex
559 1469 728 1562 proverbio
749 1487 853 1567 patet:
889 1471 1104 1562 Impossibile
1126 1474 1182 1539 uel
1204 1471 1282 1541 Ioui

271 1581 420 1664 fulmen,
454 1575 509 1642 rel
533 1574 676 1644 Herculi
699 1575 849 1662 claram,
883 1577 939 1643 rel
961 1575 1116 1666 Homero
1148 1588 1278 1642 uersum

272 1681 473 1754 subtrahere
481 1683 517 1759 ²).
562 1679 635 1748 Huc
651 1693 757 1749 tamen
772 1679 908 1749 fortasse
923 1681 1037 1775 aliquis
1050 1680 1184 1749 'trahere
1207 1705 1280 1772 pos-

274 1805 322 1859 set
344 1787 441 1856 verba
462 1781 626 1852 Manilii
641 1786 687 1869 ⁸),
716 1785 755 1853 de
783 1784 919 1854 humana
942 1784 1082 1853 sollertia
1105 1783 1278 1876 loquentis:

369 1889 502 1980 En'puit
527 1887 608 1956 Iovi
617 1886 757 1976 fulmen
782 1891 935 1984 uiresque
956 1889 1119 1972 tunundi3

266 2001 332 2078 ¹huc
345 1995 470 2079 omnia,
498 2017 578 2088 quae
600 1992 639 2060 de
661 1990 820 2062 eliciendis
842 2012 874 2064 et
895 1995 1073 2066 avertendis
1095 1991 1276 2062 fulminibus

268 2101 354 2196 apud
377 2111 497 2168 veteres
512 2099 666 2189 leguntur,
689 2121 831 2194 quaeque
845 2101 887 2172 ad
908 2125 1016 2170 saeros
1038 2099 1114 2166 ritus
1137 2098 1274 2190 pertine-

268 2211 357 2276 bant.
400 2202 562 2272 Petebant
585 2202 667 2270 enim
689 2203 834 2296 precibus
858 2219 889 2272 et
910 2222 995 2274 certo
1017 2203 1151 2298 quodam
1175 2203 1270 2268 secri-

268 2311 409 2381 stciornm
442 2332 555 2399 genere
589 2305 735 2392 fulmina,
769 2308 835 2378 sive
854 2310 972 2402 ·potius
1006 2309 1128 2378 effectus
1147 2333 1271 2375 'eumm

263 2439 366 2510 'posse
388 2410 498 2481 averti.
542 2409 769 2482 Nobilissimus
792 2412 852 2482 hee
873 2413 906 2482 in
935 2441 969 2482 re
999 2430 1047 2482 est
1074 2414 1162 2482 locus
1179 2412 1284 2481 -Pli-'

264 2520 323 2588 nii
338 2521 379 2603 ⁴),
409 2515 442 2583 in
466 2541 528 2610 quo
551 2516 611 2584 eit:
650 2516 785 2585 Exstat
802 2519 986 2587 Annalium
1010 2518 1188 2602 memoria,
1211 2542 1267 2584 sa-

263 2624 331 2694 cris
360 2621 563 2716 quibusdam
594 2631 628 2688 et
654 2623 909 2712 precationibus
939 2625 995 2692 rel
1017 2625 1096 2715 cogi
1116 2622 1267 2710 fulmina

264 2731 318 2798 rel
336 2726 526 2816 impetrari.
573 2726 680 2794 Vetus
701 2726 811 2816 suma
832 2727 997 2796 Etruriae
1019 2741 1082 2812 est,
1105 2728 1266 2818 impetra-

260 2846 344 2916 tum,
379 2832 411 2899 V
411 2831 551 2901 olsinios
585 2831 703 2898 urbem
732 2828 832 2924 agris
851 2833 1072 2923 depopulatis,
1099 2833 1266 2901 subeunte

258 2948 413 3008 monstro
420 2990 430 3020 ,
458 2939 552 3028 quod
578 2962 744 3006 eocarere
767 2935 916 3005 Vallum.
960 2936 1153 3012 Euocatum
1179 2948 1213 3005 et
1241 2964 1265 3004 a

257 3045 434 3116 Porsenna
448 3065 510 3109 suo
534 3065 622 3132 rege.
667 3040 713 3109 Et
732 3051 815 3108 ante
836 3065 913 3106 eum
935 3067 958 3107 o
979 3043 1096 3111 Numa
1123 3042 1262 3131 saepias

257 3149 295 3216 id
305 3146 524 3237 factitatum,
547 3145 582 3212 in
599 3144 710 3233 pn'mo
733 3144 919 3212 Annalium
940 3135 1076 3213 suorum
1099 3147 1206 3213 trudit
1220 3147 1259 3213 L.
1323 3221 1326 3226 ¹

258 3319 464 3334 m·-

324 3417 428 3494 plionit
451 3419 603 3474 creuzer
628 3416 781 3490 symbolik.
805 3418 861 3472 Th.
874 3419 907 3470 lt.
928 3435 957 3489 p,
971 3413 1038 3484 9lb,
1056 3430 1141 3488 quem
1158 3413 1260 3472 contet

324 3505 443 3562 omnino
462 3505 645 3578 posu-956.

270 3596 303 3668 9)
327 3602 370 3650 De
386 3613 440 3648 rer.
459 3603 554 3648 natur.
572 3595 622 3659 vl,
641 3587 703 3650 384.

271 3706 300 3773 1)
323 3705 426 3756 Hister.
445 3709 504 3754 nat.
522 3699 556 3763 11,
574 3696 618 3756 54.

269 3810 300 3876 2)
323 3801 480 3862 Maerob.
500 3805 693 3876 summat,
707 3813 737 3864 γ3.
759 3824 787 3877 p.
798 3813 859 3869 315.Ι
891 3835 894 3842 ·

260 3915 300 3996 ⁵3)
322 3913 508 3968 Aaronom.
525 3912 550 3986 u
567 3905 626 3966 iot.

251 4011 304 4082 vt)
327 4010 400 4066 utu
