2824 4746
285 323 350 392 224
625 315 691 382 Do
713 313 927 382 elimatum

286 494 473 580 describunt,
498 493 541 564 ait
564 492 796 576 Ovidius⁸):

327 643 370 656 -
391 639 435 652 -
456 641 501 652 --
523 597 632 666 medio
655 607 716 663 tuo
741 596 893 686 corniger
912 593 1087 664 Hammon

330 706 435 776 Unda
456 703 511 770 die
530 702 645 794 gelido
666 711 726 784 est,
750 709 890 792 ortoque
909 699 1070 792 obituque
1091 701 1248 769 calescit.

283 808 432 878 Fontium
463 805 685 899 frigidissimos
714 795 782 874 esse
809 831 827 873 e
858 797 987 897 rupibus
1014 820 1046 873 et
1073 804 1106 872 in
1134 806 1293 875 montium

282 911 493 982 cacuminibus
523 909 726 1004 prosilientes
756 925 789 979 et
815 924 982 1004 puteorum
1019 907 1290 1004 profundissimos

283 1021 380 1089 docet
396 1014 683 1094 Plutarchum.

632 1299 638 1312 ·
730 1283 761 1366 §-
785 1281 837 1348 τι.

306 1409 444 1480 Utrum
472 1402 630 1472 medios
660 1402 916 1494 superficiei
937 1402 1114 1471 telluris
1139 1403 1262 1471 color

410 1507 669 1576 mutationes
698 1505 902 1590 subierit,
932 1525 986 1574 on
1008 1511 1153 1576 secus?

340 1651 614 1731 intereamus,
645 1667 725 1744 quas
747 1647 944 1740 unaquaevis
969 1661 1064 1716 'aetas
1093 1647 1240 1717 meliores
1264 1673 1284 1718 a

279 1755 452 1826 maioribus
476 1777 511 1822 se
534 1749 691 1846 acoepiase
713 1749 915 1821 existimaret
935 1752 1105 1821 deteriores
1129 1775 1162 1820 se
1184 1777 1283 1848 nepo·

278 1861 361 1930 tibus
383 1857 569 1937 traditorem
591 1879 661 1938 asae
684 1855 865 1940 arbitratur,
895 1858 991 1947 etiarn
1014 1857 1137 1951 dequo
1159 1857 1282 1948 agimus

277 1981 326 2034 est
348 1981 448 2033 terrae
470 1960 566 2032 calor.
611 1955 784 2055 Nunquam
799 1960 838 2029 de
854 1961 964 2054 exiguo
986 1985 1184 2031 nummorum
1206 1987 1279 2058 pre-

275 2073 321 2140 tio
342 2068 486 2137 homines
507 2088 574 2132 non
596 2065 698 2156 questi
724 2082 813 2148 sunt3
850 2066 923 2134 inde
953 2066 1037 2134 enim
1064 2092 1085 2134 a
1112 2064 1278 2151 Plauto,

277 2172 331 2268 qui
352 2193 459 2238 novos
482 2191 637 2236 nummos
658 2191 696 2237 ac
717 2193 823 2237 noros
846 2192 959 2237 moros
980 2171 1156 2259 componit,
1187 2169 1278 2236 nulla

274 2299 414 2368 uuquam
435 2272 495 2342 suit
516 2285 614 2356 aetas,
637 2297 717 2366 quae
737 2296 802 2340 non
823 2270 1035 2357 contenderet,
1056 2295 1091 2340 se
1114 2287 1274 2364 antegres-

276 2380 320 2450 sis
352 2380 521 2448 deteriores
550 2400 695 2446 nummos
718 2376 845 2447 habere.
890 2376 1027 2460 Omnia,
1054 2403 1124 2446 cum
1145 2379 1274 2446 iuvenes

275 2500 389 2569 essent,
411 2509 445 2552 se
467 2481 599 2553 meliora
620 2481 739 2550 vidisse
753 2496 866 2578 putant
884 2504 987 2567 senes,
1009 2506 1131 2552 morum
1153 2482 1276 2553 castita-

343 2751 419 2816 olim,
437 2759 469 2804 ut
489 2748 611 2803 οτοοιιὶἰι
627 2745 715 2810 fidem
735 2758 913 2822 quaererent,
932 2760 1082 2804 uterentur.
1117 2749 1158 2804 At
1179 2765 1280 2803 recen-

341 2837 449 2892 tiorum
467 2835 554 2891 etiam
571 2836 732 2908 complures
749 2835 829 2889 huno
847 2835 955 2890 sontem
973 2834 1144 2904 describunt,
1163 2853 1213 2890 ex.
1232 2852 1274 2907 gr.

341 2927 489 2980 Browne
501 2924 614 2989 (Reism
627 2925 658 2976 in
668 2921 935 2996 Africo,Aegyptm
951 2923 1013 2978 und
1022 2927 1129 2997 Syrien.
1148 2923 1278 2978 Waimar

264 3035 267 3042 ¹
342 3019 421 3068 1800.
444 3030 474 3083 p.
489 3010 548 3077 27),
573 3012 803 3064 Hornamann
828 3009 995 3082 (Togebucir
1018 3001 1107 3066 οτιάιτ
1123 3013 1202 3066 Ratae
1219 3029 1276 3076 vora

311 3099 314 3106 '
342 3099 423 3152 Coiro
445 3095 939 3170 nactnurutck.110rausgegeben
959 3114 1021 3153 von
1041 3097 1134 3153 Κόαἱ
1141 3115 1167 3172 g.
1191 3098 1276 3152 Wei-

340 3199 404 3237 mar
427 3189 505 3240 1802.
529 3201 559 3256 p·
576 3187 655 3252 112),
690 3182 869 3238 Minutoli
893 3186 983 3249 (nerse
1006 3201 1069 3238 zum
1089 3186 1204 3258 Tempe!
1224 3183 1274 3238 dea

339 3272 449 3343 Iupiter
464 3276 589 3326 Ammon
604 3273 635 3326 in
653 3271 701 3324 ter
719 3269 863 3343 libyaciren
883 3271 977 3326 orante
1000 3271 1062 3326 und
1082 3273 1159 3327 noch
1185 3271 1274 3327 Ober-

339 3364 497 3430 Aegypton.
522 3355 758 3434 Herausgegeben
782 3374 843 3414 von
866 3359 1041 3414 Toelken.
1068 3359 1174 3414 Berlin.
1194 3356 1274 3418 1824.

340 3441 552 3520 i.p.163sq.)

291 3552 321 3622 8)
346 3551 448 3610 Ovid·
466 3557 580 3608 Metam.
599 3553 665 3620 XV,
685 3558 747 3616 309.

286 3655 319 3726 9)
347 3655 406 3712 otto
430 3653 518 3728 ῥοτοῖο
540 3655 646 3714 ὖδιὶτοιο
671 3654 706 3713 τοὶ
724 3661 841 3727 πετραῖοι
858 3663 906 3714 καὶ
922 3653 1016 3733 ὀρεινοὶ
1032 3655 1203 3732 ψυχρότατα,
1227 3667 1274 3716 καὶ

336 3739 392 3800 τοῖν
405 3749 579 3815 ιφριατιαίων
596 3743 630 3800 τοὶ
647 3739 801 3800 κοιλότατα·
819 3749 925 3801 τούτοις
940 3745 993 3815 μὲν
1010 3742 1061 3817 γὰρ
1080 3742 1166 3802 οὗιιὲτι
1176 3750 1274 3818 μίγνυ-

338 3852 385 3884 ται
408 3828 455 3884 διαὶ
478 3828 584 3902 βάθους
606 3831 712 3896 ἔξωθεν
736 3828 830 3904 ὅτ’ἠρ,
854 3832 942 3888 ι’·ιιεῖιια
960 3829 991 3886 δὲ
1012 3832 1135 3888 ἐκπίπτει
1154 3832 1201 3887 δια
1220 3831 1271 3902 τῆς

336 3911 385 3986 γῆς
402 3912 517 3986 α’μίιιτοο
539 3922 585 3970 rol
608 3917 743 3989 καθαροῖς.
777 3920 953 3976 Plutarch.
979 3920 1014 3976 de
1036 3925 1127 3994 primo
1142 3919 1270 3992 frigido.

260 4003 262 4010 '
302 4057 304 4064 ,
337 4003 480 4059 Tom.1V.
499 4022 527 4076 p.
538 4004 600 4064 866.
