2824 4746
277 319 343 383 200
588 293 966 384 Meteoromantta.

279 491 355 560 liom
376 515 501 584 genere,
524 514 544 560 a
566 489 687 585 plantis
714 506 746 560 et
767 515 788 560 a
809 514 914 559 rernm
936 489 1134 584 quarundam
1159 483 1228 557 vita
1253 505 1286 560 et

282 597 391 666 anima
413 594 584 666 carentium
598 609 693 682 statu,
716 593 982 688 quemadmodum
996 617 1016 662 a
1030 593 1173 664 lucernae
1196 593 1286 662 llam·

211 706 217 718 ’
280 727 345 785 me,
368 699 511 772 desumto
526 715 608 783 sont,
632 721 671 768 ea
684 698 735 768 hic
749 723 913 767 recensere
928 697 1044 780 taedet,
1059 697 1204 792 quamvis
1216 723 1287 768 non

279 803 472 898 negaverim,-
494 802 639 900 physicas
662 803 704 872 iis
725 825 952 896 saepenumero
970 801 1105 870 subesse
1127 823 1240 872 causas
1248 805 1288 882 ²).

281 909 319 978 si
341 908 412 1002 quis
434 924 492 994 est,
516 907 570 1001 qni
591 908 741 990 omnium,
759 921 914 1000 quotquot
937 921 1057 976 veteres
1079 931 1289 1001 proposuere,

281 1012 476 1106 tempestatis
499 1027 646 1081 venturae
668 1009 855 1080 indiciorum
877 1011 1025 1104 congerie
1047 1010 1228 1097 ddectetur,
1258 1013 1304 1096 is,

283 1115 557 1209 Theophrasti
600 1115 744 1185 libellam
782 1116 822 1184 de
863 1115 1031 1209 signis⁸),
1076 1114 1291 1210 paraphrasin

280 1217 422 1288 Procli
449 1219 483 1288 iu
507 1219 731 1290 Tetrabihlion
752 1218 1001 1306 Ptolemaei,
1030 1219 1150 1289 Arati
1171 1219 1289 1289 Diose-
1399 1238 1403 1257 ¹

279 1345 350 1392 mea
372 1347 444 1392 cum
466 1322 612 1410 Scholiis,
630 1323 828 1420 Geoponica,
846 1323 979 1396 Plinii
1000 1325 1114 1396 lihrum
1138 1317 1291 1394 decimum
1405 1369 1406 1394 r

280 1442 427 1496 octavum
457 1455 527 1497 cum
553 1430 638 1498 notis
668 1428 890 1514 Harduini,
920 1428 1068 1498 Vossii
1098 1443 1288 1496 commenta·
1391 1441 1406 1456 ’“

280 1529 346 1599 rios
377 1531 419 1599 ad
447 1531 618 1626 Virgilii
646 1531 806 1626 Georgica
836 1550 868 1603 et
894 1534 1065 1630 scriptores
1092 1532 1208 1602 latinos
1242 1533 1292 1603 rei
1328 1544 1336 1560 '

281 1635 415 1706 rusticae
445 1639 551 1712 adeat,
596 1635 670 1711 Nos
698 1637 864 1733 sequentia
894 1639 1065 1708 admonere
1097 1638 1173 1708 satis
1202 1635 1290 1707 duri·

282 1766 367 1815 mus.

371 1843 604 1918 Columella
637 1850 733 1931 ait⁴)=
780 1849 882 1920 Caeli
908 1860 942 1917 et
980 1849 1066 1916 artai
1097 1849 1291 1937 praesentis

282 1971 395 2018 mores
417 1953 593 2020 intueatur
611 1954 806 2052 [agricolaJa
828 1954 1039 2047 nequeenim
1060 1977 1197 2045 semper
1214 1977 1291 2022 eun·

282 2053 359 2120 dem
396 2057 487 2123 velut
512 2081 559 2124 ee·
584 2062 799 2151 praesca'pto
829 2060 980 2128 habitum
1010 2061 1195 2150 gerunt⁶).·
1230 2081 1293 2126 nec

283 2157 438 2224 omm'bes
462 2161 561 2227 anais
585 2165 709 2237 eodem.
729 2167 820 2232 vultu
836 2163 925 2232 venit
937 2172 1058 2229 aestas
1080 2172 1144 2229 aut
1165 2162 1292 2229 lu'emst

284 2283 347 2328 nec
368 2262 524 2350 plurium
552 2290 689 2359 semper
711 2279 765 2339 est
789 2292 870 2352 ver,
889 2275 950 2334 aut
969 2263 1125 2334 humidus
1155 2275 1289 2334 autam-

286 2405 494 2423 Μ

301 2476 332 2544 2)
357 2475 506 2536 Eiusmodi
523 2491 725 2556 tempestatum
743 2484 833 2558 signa,
851 2501 868 2538 a
885 2480 1030 2540 veteribus
1046 2479 1146 2536 sedulo
1164 2488 1290 2547 enotata,

346 2581 456 2639 ¹inagna
473 2587 511 2624 ex
529 2582 608 2644 parte
625 2569 877 2644 collectareperies
889 2570 921 2626 in
938 2567 1134 2626 dissertatione
1150 2559 1188 2622 'de
1206 2583 1292 2638 prae-

353 2655 444 2726 sagiis
472 2666 665 2730 tempestatum
695 2657 794 2714 habita
824 2674 842 2712 a
870 2657 927 2712 Th.
946 2657 1132 2713 Hoffmann.
1161 2653 1292 2708 Basileae

355 2746 440 2810 1771,
458 2744 540 2802 aulus
559 2756 703 2802 auctorem
726 2745 815 2802 fuisse
839 2747 1101 2808 Hermannnm,
1132 2740 1205 2814 pros.
1222 2742 1293 2796 olim

353 2829 429 2885 med.
464 2833 734 2908 Argentoratensem
773 2831 935 2905 suspicatur
971 2832 1226 2888 Beakmannus
1256 2829 1293 2884 ad

353 2916 528 2990 Antigon.
548 2922 684 2993 Carpat.
701 2942 731 2997 p.
745 2929 790 2990 79.

301 3025 331 3086 3)
353 3022 384 3100 1³3
399 3029 541 3120 782-tt00.
557 3028 593 3084 ed
612 3029 826 3086 Schneider.

305 3120 337 3193 d)
360 3132 403 3180 De
420 3149 450 3184 re
466 3143 536 3188 ruet.
551 3137 573 3188 l.
591 3135 680 3192 Prael.
700 3141 779 3208 §.23.

299 3233 331 3301 5)
354 3234 398 3286 De
415 3239 528 3308 vulgari
545 3239 649 3296 habitu
667 3251 830 3316 temporum
848 3239 918 3296 anni
935 3236 1129 3294 conferendus
1146 3245 1189 3293 est
1210 3237 1291 3293 nous

353 3321 475 3378 Procli
497 3325 530 3382 in
553 3333 730 3404 paraphrasi
754 3328 892 3386 tetrnbihl.
912 3330 1060 3383 Ptolem.
1075 3328 1103 3395 1,
1126 3331 1168 3380 12.
1194 3321 1289 3396 p-ltot

351 3405 408 3468 wie
431 3409 569 3486 τεσοόρςον
591 3412 670 3490 (cipedo
693 3416 741 3474 τοῦ
758 3420 846 3484 ἔτους,
871 3416 948 3484 ἔαρος
965 3420 1012 3468 καὶ
1028 3417 1126 3484 θέρους
1144 3416 1191 3464 καὶ
1208 3431 1292 3482 μετο-

351 3501 444 3573 ποόρον
460 3509 506 3558 atat
522 3504 666 3574 χειμῶνος,
688 3502 720 3560 τό
737 3506 789 3576 μὲν
812 3505 860 3573 ἔαρ
883 3501 993 3560 alaisae
1014 3501 1069 3568 ἔχει
1090 3495 1188 3571 dyeia,
1219 3498 1292 3556 διότι

260 3581 262 3586 ’
351 3585 540 3657 παρελθόντος
569 3587 668 3659 ψύχους
695 3588 748 3663 ἤδη
769 3587 920 3662 ιῖρχομόιογς
940 3584 987 3660 τῆς
1010 3590 1164 3659 θερμασίας
1184 3590 1289 3659 γίνεται

351 3671 484 3744 διάχυσις,
507 3675 539 3732 τό
563 3676 593 3733 δδ
616 3683 700 3751 θέρος
727 3677 840 3736 alaisae
865 3680 921 3746 ἔχει
943 3670 1064 3749 θερμόν,
1088 3672 1161 3730 διότι
1178 3671 1195 3730 ό
1214 3668 1290 3742 ἥλιος

349 3760 418 3837 πρός
439 3763 490 3819 τόν
512 3766 583 3820 eard
606 3764 724 3839 κορυφὴν
745 3761 822 3837 ἡμῶν
846 3762 932 3820 τόσον
954 3763 1057 3836 ἐγγίζει.
1075 3761 1110 3817 τό
1127 3755 1287 3832 μετόπωρον

351 3849 460 3908 nterea
471 3852 525 3920 ι’]γει
537 3853 571 3909 τό
582 3851 674 3926 ξηρόν,
693 3852 767 3910 διότι
777 3853 810 3908 τό
820 3849 967 3922 παρελθόν
977 3849 1074 3905 stoicos
1091 3848 1215 3917 ἐξίκμασς
1233 3845 1287 3916 τήν

348 3931 490 4008 όγρότητα.
509 3937 526 3996 ό
543 3938 572 3996 δὲ
590 3941 694 4011 gaspaiv
710 3941 821 4000 atatem
839 3941 894 4008 ἔχει
910 3936 942 3996 τό
961 3942 1073 4012 ψυχρόν,
1091 3934 1165 3991 διότι
1182 3930 1198 3988 ό
1215 3929 1288 4004 ἣλιος

348 4025 399 4080 sori
415 4028 485 4085 τιστιὶ
503 4027 624 4103 meroris
641 4025 723 4101 ἡμῶν
741 4033 828 4086 τόπου
845 4026 914 4083 aedri
932 4023 1074 4101 α’φόςιιται.
