2846 4734
374 297 377 302 ¹
462 309 738 382 Introductio.
1083 321 1122 388 ss

121 487 220 570 rima,
242 488 428 582 praesertim
451 487 491 558 de
512 487 659 558 meteoris
680 485 778 558 libros
796 497 859 576 ⁸²),
880 489 1037 561 interiisse
1048 515 1127 587 pro·

121 593 204 662 secto
227 592 397 662 dolendum
420 606 478 660 est.
532 592 745 687 Reliquorum
773 593 968 664 Graecorum
998 597 1038 666 de
1059 621 1126 666 me·

123 696 298 788 teurologia
319 698 431 768 merita
453 699 566 792 exigna
588 716 678 768 sunte
700 697 801 768 multa
814 715 929 784 tamen,
953 723 1128 796 eaquenon

124 800 323 896 spernenda,
362 798 471 872 ornnes
505 805 569 874 fere
602 829 712 874 eorum
748 829 807 898 per
841 804 940 873 lihros
983 805 1130 900 dispersa

122 907 320 1001 reperiuntur
337 914 403 993 ²³),
425 909 507 977 unde
530 910 662 979 meliora
684 911 884 1003 collegimus3
906 935 1007 1005 neque
1029 905 1130 1004 negliss

124 1012 220 1104 gendi
242 1028 316 1081 sunt
337 1030 598 1083 commentatores
616 1014 808 1084 Aristotelici
831 1016 870 1083 de
885 1013 1031 1083 meteoris
1047 1015 1130 1101 libri,

124 1114 351 1186 Alexander
384 1118 748 1212 Aphrodisiensis,
792 1117 1000 1188 Johannos
1032 1119 1136 1188 Phi·-

124 1221 426 1315 lopunnsdictus
451 1224 770 1310 Grammaticus,
794 1223 1130 1318 olympiodorus,

126 1325 159 1394 Τ
168 1325 370 1398 heodorus
395 1328 621 1398 Metochita.
665 1327 766 1397 Plura
794 1327 896 1396 adhuc
918 1325 970 1398 hic
992 1329 1042 1399 vel
1064 1327 1131 1398 illic

124 1430 159 1498 in
182 1429 327 1499 Scholiis·
346 1434 389 1501 ad
410 1433 553 1517 Aratum,
576 1433 782 1527 Apollonium
803 1430 980 1520 Rhodium,
1002 1433 1133 1502 Aristo-

125 1534 274 1630 phanem,
295 1535 484 1622 Hesiodum,
507 1537 694 1624 Humerum,
725 1538 805 1606 alios
827 1537 925 1607 latere
947 1561 1013 1606 non
1034 1560 1131 1630 nega·

127 1640 227 1708 verim
247 1681 290 1696 ·-
313 1665 379 1710 non
401 1643 508 1711 omnia
529 1669 698 1738 possumus
721 1641 845 1710 omnes!
883 1637 996 1736 Neque
1026 1642 1134 1710 omnia

127 1743 275 1838 colligere
297 1745 331 1815 in
354 1747 460 1816 animo
483 1764 568 1832 erat,
600 1772 679 1841 quae
707 1761 828 1814 veteres
861 1743 902 1812 de
923 1761 1133 1815 meteororum
1208 1799 1210 1806 ,

124 1849 231 1920 causis
254 1870 487 1948 proposuemnt
500 1852 617 1948 placita
632 1860 695 1936 ²⁴),
718 1876 765 1922 ex.
781 1875 828 1943 gr.
843 1847 1041 1943 Epicurus
1060 1857 1134 1930 ²⁵>s

197 2090 320 2143 stotel.
344 2087 485 2143 Metecrol.
503 2090 531 2157 l,
557 2096 574 2148 3
607 2090 766 2162 leguntur).
802 2083 858 2140 Hio
874 2081 1041 2151 contrariae,
1061 2101 1136 2158 quse

194 2173 366 2233 seinvicem
384 2177 535 2247 repellunt,
553 2175 686 2231 materiae
703 2174 804 2232 eodem
822 2182 918 2228 tamen
935 2171 1022 2226 ωοάο
1040 2182 1138 2246 egunt.

194 2261 322 2318 l’olerioa
344 2275 441 2318 'rerum
461 2263 667 2318 contrariarum
690 2260 870 2336 oppositione
893 2259 1012 2316 omuino
1028 2270 1139 2316 veteres

194 2347 310 2421 physici
334 2349 381 2406 usi
398 2367 458 2405 esse
475 2349 611 2405 videntur
629 2350 665 2405 ad
684 2349 903 2424 explicationem
921 2349 1141 2422 phaenomeno-

197 2455 261 2492 rum
273 2445 397 2495 naturae.
425 2439 490 2491 Huc
502 2446 627 2509 spectare
640 2447 747 2510 putem,
768 2437 845 2511 quod
864 2436 941 2510 apud
954 2438 1103 2493 clemen
1112 2443 1136 2491 1.

199 2523 444 2579 Alexandrin.
465 2523 623 2592 (Admonit.
640 2525 681 2580 ud
701 2530 810 2582 Gentes.
830 2543 858 2597 p.
875 2523 920 2584 lt2.
940 2525 972 2582 G.
991 2525 1035 2580 ed.
1054 2525 1139 2595 Syl-

199 2611 300 2687 burg.
314 2608 580 2682 (venumdetur.)
598 2623 737 2682 narratur,
757 2614 1009 2685 Empedoclem
1029 2622 1141 2684 praeter

200 2710 322 2775 quatuor
341 2704 496 2767 elementa,
521 2699 579 2754 duo
597 2699 752 2772 principia,
770 2703 897 2756 Deorum
914 2700 1056 2768 adinstar,
1082 2709 1141 2755 sta-

199 2789 297 2858 tuisse,
318 2789 538 2845 Coutentionem
552 2799 581 2845 et
590 2788 763 2854 Amicitiam,
780 2795 880 2844 Nereus
891 2794 936 2843 καὶ
946 2786 1054 2842 Φιλίαν.
1074 2785 1140 2854 (cir.

202 2880 299 2934 Sext.
326 2878 491 2950 Empiric.
517 2877 586 2933 adu.
614 2879 785 2934 Mathemut.
809 2880 877 2944 Vll,
906 2882 973 2946 115,
1001 2873 1140 2948 aliosque,

200 2983 274 3042 quos
291 2964 345 3022 tibi
363 2963 503 3020 iudicabit
519 2963 662 3020 Sturzii
686 2964 843 3040 diligentia.
869 2964 1033 3038 Empedocl·
1049 2964 1143 3036 Agri·

200 3065 277 3130 gene.
293 3073 323 3128 p.
341 3063 403 3114 138.
422 3055 500 3130 sqq.)

131 3161 181 3234 22)
207 3163 335 3231 Quorum
359 3168 493 3233 quartum
509 3157 605 3214 laudat
625 3160 864 3233 ¹Plutarchus,
886 3165 998 3231 (tuaest.
1015 3177 1061 3232 gr,
1079 3161 1105 3230 §.
1116 3158 1142 3220 7.

202 3249 330 3302 'rom-11.
348 3265 377 3320 p.
388 3254 448 3312 198.
465 3247 510 3303 ed.
530 3246 781 3317 Wyttenbach.
828 3312 832 3322 Ι

133 3375 180 3444 23)
207 3368 455 3444 Quemadmodum
473 3369 505 3424 iu
522 3369 718 3442 Hippocratis,
737 3368 890 3438 Herodoti,
910 3367 1006 3436 Arati,
1024 3365 1145 3423 Diodori

205 3455 299 3514 Siculi
306 3500 315 3528 ,
339 3455 500 3522 Strabonis,
523 3455 685 3524 Plutarchi,
709 3456 866 3525 Athenaei,
894 3457 976 3512 Sexti
999 3451 1146 3524 Empirioi,

206 3547 440 3620 Geogra'phorum
464 3543 622 3612 minorum,
649 3542 836 3615 Geoponicis,
863 3541 994 3612 Gemini,
1020 3537 1147 3596 Achillis

205 3634 294 3702 Tatii,
314 3633 435 3701 Stobaei,
453 3631 589 3707 Diogenis
606 3628 718 3696 Laiirtii,
737 3629 898 3698 Ptolemaei,
913 3627 1015 3695 Procli,
1035 3624 1147 3694 Geloni,

207 3721 380 3800 Cleomcdin
396 3719 544 3776 Laurentii
561 3719 644 3792 Lydi,
663 3717 843 3793 aliorumque
860 3715 1063 3790 complurium.

140 3843 189 3919 211)
212 3848 358 3901 Praeterea
375 3861 436 3899 non
454 3842 560 3900 oblitus
577 3861 642 3900 sum
659 3839 804 3916 prouerbii
822 3839 976 3896 hodiernae
986 3837 1083 3894 ltaliae
1100 3835 1153 3892 tn„

209 3936 352 3994 colerumt
373 3933 424 3989 clei
438 3931 556 4007 guarda
572 3930 614 3986 ad
631 3931 699 4003 ogni
714 3946 819 4004 penna,
837 3947 894 3984 non
906 3925 945 3999 fo
961 3928 1022 3983 moi
1039 3927 1121 3982 letto!
1215 4009 1219 4014 .

143 4053 191 4122 25)
214 4051 260 4107 De
278 4046 362 4116 cuius
383 4043 570 4120 opinionibus
586 4041 623 4102 of·
641 4041 788 4118 Diogen.
806 4040 973 4115 badenx,
992 4047 1038 4102 25.
