2850 4730
287 263 329 332 le
538 353 542 366 ¹
687 257 754 328 De
775 258 891 327 sicca

287 435 373 507 anni
400 433 539 526 pallore
577 435 747 505 continuo.
803 433 882 506 lude
918 435 1004 530 opud
1036 431 1268 530 Virgilium
1279 443 1306 520 ²)
1403 439 1404 492 ἶ

286 543 439 636 legimuss
848 545 852 556 ’

453 687 497 704 -
519 685 562 702 -
585 685 628 700 -
649 643 766 714 Solem
787 645 862 738 quis
886 643 995 712 dicere
1004 644 1148 738 salsum

328 753 490 822 Audeat?
528 749 593 818 Ille
619 749 722 817 etiam
745 771 868 818 caecos
891 749 1023 817 instare
1045 751 1210 819 tumultus

328 859 443 950 Sa'epe
453 853 800 946 monet‚srandesque
812 863 847 922 et
858 863 982 944 operto
994 864 1185 924 tumescere
1195 855 1304 925 bella.

331 965 398 1035 Ille
425 962 528 1030 etiam
556 959 727 1026 exstincto
751 958 928 1026 miseratus
959 957 1117 1028 Caesare
1137 961 1302 1048 Romam,

334 1067 450 1156 Quum
472 1070 580 1152 caput
601 1061 753 1128 obscuro
774 1061 919 1130 nitidum
927 1061 1113 1154 ferrugine
1134 1068 1232 1151 terit,

328 1168 506 1258 Impiaque
528 1173 705 1233 aeternam
728 1165 915 1234 tumuerant
937 1168 1082 1235 saecula
1102 1179 1243 1236 noctem.

373 1272 427 1339 Ad
448 1269 564 1338 siccam
585 1267 667 1338 banc
689 1269 838 1338 nebulam
859 1270 1016 1364 pertinere
1037 1269 1177 1340 videntur
1196 1272 1296 1342 verba
1403 1271 1404 1284 ¹

286 1374 615 1472 Tbeo'phrnsti')=
641 1373 782 1442 Videtur
792 1375 895 1442 etiam
909 1375 1035 1456 nebula
1044 1377 1209 1467 quaedum
1220 1380 1298 1447 sine

288 1490 387 1550 uento
409 1479 574 1550 interdum
595 1479 767 1562 incedere,
795 1502 898 1572 quoe,
930 1481 1063 1571 quando
1076 1479 1183 1570 flores
1217 1491 1299 1549 tan-

284 1587 353 1678 git,
391 1610 450 1655 eos
470 1583 611 1668 ,adurit
667 1585 891 1675 Quapropter
933 1585 1126 1652 sacerdotes
1169 1585 1300 1678 sacrifi·

287 1703 378 1778 cont,
403 1715 447 1761 ne
469 1688 765 1782 appropinquatur,
795 1711 938 1780 eamque
960 1686 1110 1757 cobiberi
1130 1691 1296 1782 reflerent.

217 1819 219 1826 ·
287 1794 599 1870 Schneiderus‘)
628 1791 686 1858 ait:
718 1785 849 1882 Egredi
866 1790 1027 1860 nebulam
1050 1799 1177 1862 emori
1198 1796 1298 1863 intel·

288 1901 372 1992 lige,
400 1896 487 1992 quod
516 1894 663 1989 equidem
690 1892 865 1986 inlelligere
892 1895 1008 1964 nolim:
1041 1897 1075 1965 id
1111 1898 1195 1967 enim
1228 1900 1298 1969 sine

286 2019 381 2074 vento
404 2000 474 2070 fieri
494 1999 612 2092 nequit.
656 1995 906 2068 Phaenomenon
929 2017 1043 2088 eutem,
1070 2003 1158 2072 euius
1179 2005 1299 2073 mentio

286 2107 321 2176 in'
349 2105 410 2175 boc
434 2101 676 2197 Theophrasteo
702 2102 773 2170 loco
801 2103 946 2192 iniicitur,
972 2108 1166 2177 ran‘ssimum
1187 2109 1296 2196 fuisse,

288 2238 327 2281 ex
348 2226 415 2280 tota
437 2208 604 2279 verborum
626 2208 854 2302 compositione
876 2226 973 2304 patet,
1004 2228 1097 2308 atque
1117 2213 1232 2284 idcirco
1255 2217 1295 2284 de

288 2316 383 2386 aridis
411 2312 537 2386 nebulis
570 2312 707 2406 cogitare
728 2314 847 2384 malim.
892 2312 1036 2386 Nebulus
1060 2319 1144 2388 enim
1166 2347 1204 2390 ex
1231 2349 1298 2392 me·
1393 2389 1397 2400 ,

287 2422 316 2490 ri
347 2418 531 2515 saepissime
558 2417 698 2513 prodire,
734 2418 804 2512 quis
834 2420 954 2490 nesciat
984 2424 1130 2516 aequoris
1168 2426 1296 2495 accola?

286 2525 339 2596 De
364 2519 780 2620 Tethydellomerus⁶):
818 2593 820 2598 ,

329 2635 565 2732 Καρπαλίμως
587 2623 617 2700 δ’
639 2623 747 2700 ἀνέδυ
771 2629 888 2728 πολιῆς
909 2629 1003 2713 ἁλός,
1025 2628 1099 2730 ἠΰτ’
1121 2635 1258 2730 ὁμίχλη.

287 2735 332 2807 Et
359 2762 420 2836 quo
447 2735 576 2807 tandem
602 2733 699 2804 modo
722 2732 782 2810 ,tali
814 2733 848 2804 in
880 2739 1165 2808 mentem·venisse
1190 2738 1290 2832 putas,
1402 2771 1403 2816 1

286 2839 361 2911 Diis
384 2842 538 2912 sacrificia
560 2839 704 2925 obferre,
732 2867 771 2910 ne
794 2837 919 2935 planus
941 2839 1104 2909 laedentes
1131 2843 1291 2936 egredian-

286 2959 338 3032 qu
363 2946 512 3029 nebulae,
537 2968 617 3037 quae
640 2959 746 3012 tamen
768 2969 785 3012 e
808 2946 889 3013 mari
912 2945 1023 3039 quovis
1048 2945 1113 3015 sere
1133 2949 1184 3017 die
1208 2974 1292 3040 egre·

290 3123 502 3142 ι--ιι-μ-ι

303 3224 335 3297 2)
359 3226 484 3299 Georg.
496 3224 518 3293 1,
537 3222 599 3286 lul.
618 3246 682 3304 sqq.
716 3225 800 3283 Adde
819 3230 919 3287 ovid.
938 3237 1054 3290 Metam.
1069 3231 1133 3296 XV,
1153 3234 1211 3290 785.
1227 3247 1287 3305 sqq.

357 3309 494 3368 Tibull.
507 3315 541 3381 11,
560 3320 586 3381 5,
608 3318 650 3376 75.
678 3314 829 3371 Dionem
848 3317 1010 3392 omium
1023 3320 1110 3385 XLV,
1130 3320 1173 3378 ll·
1191 3323 1291 3388 puts.

356 3401 460 3455 XLVI.
479 3407 523 3460 33.
541 3409 643 3473 p·312.
679 3404 857 3460 Plutarch.
876 3405 930 3459 Iul.
951 3412 1030 3462 coes.
1045 3413 1116 3460 extr.

304 3510 334 3576 ³)
357 3510 441 3562 Δοκεῖ
457 3503 487 3561 δὲ
505 3514 552 3562 καὶ
570 3504 668 3578 ὁμίχλη
684 3527 725 3564 τις
741 3505 804 3566 ἄνευ
821 3508 905 3582 aeonis
924 3510 1077 3581 ἐκβαίνειν,
1095 3503 1113 3580 ἢ
1131 3504 1198 3565 ὅταν
1217 3507 1289 3584 ἔψη.

355 3613 401 3646 ται
424 3587 479 3647 eoin
502 3593 599 3650 ἔνθων
621 3591 743 3652 inundes·
766 3594 808 3652 διδ
831 3607 877 3654 καὶ
901 3594 1014 3668 pulonem
1029 3602 1156 3664 uuonan,
1181 3593 1231 3656 o's'se
1249 3591 1289 3670 Ιμή

358 3677 487 3748 ἐκβῆναι.
506 3683 556 3735 καί
571 3703 638 3753 φασι
656 3681 777 3738 κωλύειν.
812 3687 973 3741 oteness.
998 3687 1128 3758 plentur.
1144 3689 1186 3756 11,
1210 3693 1241 3759 7,
1264 3697 1287 3747 5.

290 3789 306 3816 a
356 3784 386 3837 p.
404 3763 467 3824 lol-
957 3795 960 3802 ·
1020 3775 1023 3780 “

311 3867 341 3936 ll)
361 3870 410 3940 uid
430 3873 669 3944 aeconomum.
689 3883 789 3948 92138.

311 3977 341 4044 5)
363 3975 445 4031 Iliad.
461 3976 483 4032 α’
499 3985 562 4042 859.
