2846 4734
292 339 335 404 38
684 331 748 396 De
773 326 903 396 siccis

299 511 410 578 bimur.
451 508 507 576 De
529 506 663 576 humidis
684 505 853 600 vaporibus
876 529 913 573 ex
935 525 1029 598 aqua,
1052 505 1084 573 vi
1105 503 1230 591 caloris,
1254 533 1312 598 ge·
1412 499 1413 502 ¹

300 614 390 698 uitis,
419 639 500 682 nunc
527 611 606 682 nibil
629 611 815 693 adiecimus,
844 635 914 678 cum
935 608 1019 678 infra
1049 610 1089 680 de
1114 612 1153 679 iis
1179 613 1312 682 uberius

267 729 272 744 '
301 719 415 787 dictmi
448 718 558 786 simus.
616 715 772 787 Addimus
802 731 924 783 tantum
954 715 1050 784 verba
1086 716 1313 802 Senecae⁵),

301 839 410 917 utpote
446 822 703 892 commentorium
733 819 1001 888 Aristotelicorum
1038 821 1188 890 sistentia.
1246 822 1316 890 Di·

304 929 345 998 cit
367 931 469 997 enims
493 927 696 996 Arr'stoteles
711 925 881 992 eiusmodi
894 925 1061 1000 rationem
1082 927 1212 994 reddit:
1241 926 1279 994 V
1272 953 1315 994 a-

304 1034 360 1100 ria
382 1045 419 1100 st
436 1033 548 1100 multa
569 1043 732 1100 termnum
753 1027 847 1098 orbis
869 1029 1036 1118 exspirat,
1062 1031 1233 1122 quaedam
1254 1033 1316 1100 bu-

307 1137 416 1218 mido,
450 1137 621 1228 quaedam
647 1133 876 1225 concipiendis
901 1132 1034 1225 ignibus
1060 1135 1195 1204 idonea.
1239 1139 1316 1207 Nec

307 1239 432 1306 mirum
454 1250 518 1324 est,
541 1241 576 1306 si
594 1251 712 1308 terroe
733 1241 841 1307 omnis
860 1239 991 1332 genen's
1013 1249 1049 1306 et
1069 1242 1166 1306 eurio
1188 1262 1327 1330 neapo·

308 1344 402 1412 ratio
426 1355 495 1412 est:
529 1368 607 1413 cum
626 1347 661 1413 in
676 1345 770 1412 coelo
786 1367 921 1436 quoque
941 1368 1010 1412 non
1031 1367 1117 1410 unus
1140 1357 1318 1434 appareat

311 1449 536 1536 colamnam,
559 1449 624 1516 sed
644 1450 762 1524 acrior
782 1449 830 1515 sit
852 1449 1029 1517 caniculae
1050 1449 1163 1534 rubor,
1186 1451 1314 1517 Martis

310 1555 488 1641 remissior,
499 1554 592 1626 Ioves
604 1555 737 1640 nullus,
756 1555 792 1622 in
807 1555 917 1621 lucem
926 1576 1047 1644 pumm
1062 1555 1166 1622 nitore
1174 1555 1318 1644 perduc-

312 1669 360 1727 to.
402 1662 552 1732 Necesse
580 1671 635 1727 est
661 1684 742 1751 ergo
772 1659 807 1727 in
829 1683 957 1752 magno
978 1659 1078 1748 eopia
1103 1663 1318 1752 corpuscul-

312 1789 401 1850 nam,
427 1791 517 1858 quae
545 1778 655 1834 tenue.
678 1767 827 1842 eiectont
854 1775 888 1832 el
917 1765 951 1832 in
978 1767 1180 1856 supen'orem
1211 1779 1320 1857 agunt

311 1879 463 1957 partem,
501 1870 618 1958 οῖίᾳιιο
646 1869 682 1934 in
710 1870 817 1936 nubes
848 1871 1026 1959 pervenire
1055 1872 1196 1962 ignium,
1230 1897 1321 1966 quae

315 1995 384 2038 non
406 1983 540 2038 tontum
562 1973 683 2041 collisa
700 1975 840 2062 possint
853 1974 981 2057 ardere,
1003 1974 1191 2045 sedetiam
1214 1974 1321 2070 effla-

316 2085 355 2141 ta
376 2075 481 2142 indiis
503 2076 598 2143 solis.
634 2121 639 2144 ι

781 2261 809 2342 s.
833 2260 864 2328 s.

319 2373 723 2477 Phaenomenorung,
756 2403 863 2469 quoe
893 2403 916 2446 a
941 2380 1073 2448 siccis
1106 2385 1324 2473 vaporibus

294 2485 301 2498 ⁴
428 2481 545 2573 gigni
567 2482 788 2550 contendit
812 2482 1091 2571 Aristoteles,
1121 2511 1214 2554 enu-
1277 2539 1280 2546 «

732 2589 918 2657 moratis.

409 2725 549 2798 Effluvia
575 2745 676 2799 terrae
705 2745 737 2797 et
759 2753 942 2822 corporum,
974 2731 1107 2824 quaein
1129 2734 1195 2800 eius
1219 2758 1329 2827 super-

324 2834 392 2906 ficie
423 2837 633 2929 reperiuntur,
670 2833 762 2930 plura
789 2821 1009 2928 phaeiromena
1035 2837 1068 2904 in
1097 2843 1170 2904 a'e're
1196 2838 1329 2930 gignere

325 2943 485 3033 contendit
506 2941 763 3023 Aristoteles,
786 2941 868 3007 inter
891 2965 979 3032 quae,
1002 2957 1267 3036 praestruentes
1291 2944 1330 3012 de

324 3041 438 3133 ‘quibus
454 3043 488 3109 in
502 3042 647 3134 sequenti
669 3043 777 3110 acturi·
791 3068 897 3110 sumus
913 3045 1024 3138 capite,
1040 3048 1243 3116 enumerandi
1259 3065 1332 3117 sunt

325 3145 409 3236 ignei
440 3145 527 3234 globi
557 3161 588 3212 et
616 3143 724 3212 stellae
753 3149 994 3221 transvolantes.
1039 3149 1123 3218 Cum
1151 3153 1333 3247 quaestione

326 3248 366 3315 de
393 3247 492 3339 igneis
516 3248 617 3342 globis
633 3249 820 3321 ,arctissime
852 3253 998 3322 cohoeret
1023 3253 1146 3346 illu-de
1173 3256 1334 3348 lapidibus

327 3354 513 3440 meteoricis,
537 3379 615 3450 quos
636 3371 742 3424 tamen
756 3357 825 3452 ipse
841 3359 1081 3429 Aristoteles
1104 3383 1123 3426 a
1137 3358 1284 3452 procellis
1300 3363 1335 3429 in

260 3452 263 3458 ’
327 3470 433 3532 a'e’rem
455 3487 525 3532 esse
547 3461 687 3532 sublatos
708 3459 962 3550 arbitrabaturn,
985 3491 1083 3560 neque
1098 3463 1191 3557 igitur
1207 3464 1280 3549 sive
1302 3465 1336 3532 in

322 3689 326 3696 ’
351 3677 380 3745 6)
402 3683 512 3743 Quaest.
531 3680 657 3733 natural.
667 3671 692 3744 l,
712 3686 738 3733 1.

355 3783 383 3850 1)
396 3775 464 3836 ’Ὅτε
483 3782 513 3836 ἐν
529 3779 621 3854 'Arpis
637 3787 772 3853 ποταμοῖς
789 3784 865 3839 tnta
878 3784 958 3839 lidos
976 3783 1006 3839 in
1024 3782 1074 3840 roi
1090 3781 1175 3859 α’έρος,
1192 3778 1244 3837 sind
1254 3779 1338 3836 nvei-

402 3887 488 3936 ματος
515 3866 622 3932 ἐξέπεσε
651 3863 718 3937 μεθ’
740 3863 850 3935 ἡμέραν.
887 3876 1027 3931 Meteorol.
1052 3879 1082 3940 1,
1109 3881 1135 3935 7.
1177 3871 1258 3925 Unde
1285 3887 1338 3924 sna

402 3955 593 4030 tratrssoripsit
609 3957 755 4012 Plinius
772 3957 801 4010 b.
820 3977 850 4010 n.
868 3956 910 4025 ll,
930 3964 979 4015 38:
1018 3964 1090 4029 Quin
1108 3971 1134 4014 et
1151 3960 1213 4016 ideo
1228 3957 1338 4028 'lapidi-

400 4039 452 4095 bus
469 4045 563 4114 pluere
579 4046 727 4114 interdum,
746 4049 818 4118 quod
837 4060 916 4099 uento
934 4049 990 4102 sint
1008 4049 1091 4121 rapti.
