2850 4730
280 310 323 380 te

464 297 531 370 De
553 319 687 390 oquae
709 299 751 366 in
773 296 1075 388 atmospbaero

282 480 332 549 bis
361 474 630 558 Aristotelis,
657 475 692 542 in
720 471 833 566 quibus
862 471 953 559 dicit,
984 475 1199 546 initiatorem
1221 493 1282 546 ter·

282 559 350 651 rain
372 581 501 650 humore
522 576 621 648 fuisse
644 577 883 664 circumdatam,
918 578 971 672 qui
992 579 1106 650 deinde
1132 605 1285 678 evapora-

286 769 494 789 d

353 896 464 960 patere,
491 887 523 938 in
546 901 601 954 quo
627 881 703 956 quod
724 884 832 938 salsum
855 887 907 953 sit,
934 895 1046 958 propter
1071 886 1287 944 crassitudinem

353 979 578 1049 grauitatemque
601 980 759 1036 remaneat,
785 970 884 1042 solque
909 969 981 1035 fiots
1005 975 1201 1030 nouissimum
1220 994 1285 1030 uero

352 1063 466 1136 pro'pter
483 1060 622 1115 leuitatem
639 1060 687 1113 Sol
704 1058 745 1114 ad
759 1074 789 1110 se
805 1057 913 1112 trabat.
940 1062 1037 1132 Neque
1054 1078 1121 1116 vero
1136 1063 1194 1116 tale
1219 1063 1290 1136 quid

354 1168 393 1206 ecc
415 1144 593 1220 palustribus
609 1155 721 1200 tantum
748 1145 830 1215 oqrdr
848 1143 939 1213 educi,
957 1166 1055 1202 uerum
1073 1152 1156 1203 etiam
1178 1168 1213 1201 ex
1229 1153 1290 1222 ipso

353 1239 428 1290 mari
446 1245 472 1289 et
488 1251 527 1288 ex
546 1230 687 1300 omnibus,
709 1230 741 1283 in
759 1229 862 1302 quibus
879 1233 989 1304 aliquid
1005 1235 1130 1289 humoris
1147 1237 1224 1301 insit,
1244 1255 1291 1289 re-

355 1322 423 1387 bus,·
448 1325 537 1376 inesse
558 1329 652 1374 autem
677 1318 756 1372 omni
779 1320 828 1374 rei.
867 1322 941 1387 (tuin
964 1323 1048 1374 etiam
1072 1338 1110 1375 eoe
1132 1321 1291 1375 hominibus

354 1411 546 1464 temrissimum
574 1417 600 1462 et
627 1407 798 1461 leuissimum
827 1403 972 1458 bumorem
1002 1406 1097 1472 educi,
1121 1410 1232 1479 eiusque
1249 1410 1291 1462 rei

355 1499 518 1552 maximum
531 1513 589 1550 esse
601 1492 741 1548 indicium
754 1489 835 1562 illud,
854 1491 930 1564 quod
942 1509 1006 1548 cum
1021 1494 1103 1548 bomo
1115 1493 1237 1549 uestibus
1245 1497 1293 1550 in-

356 1586 440 1642 dutus
462 1588 492 1638 in
516 1585 578 1638 Sole
603 1579 791 1637 ambulaverit
813 1587 862 1631 aut
880 1577 996 1648 sederit,
1016 1597 1207 1654 quaecumque
1226 1599 1292 1636 cor-

355 1675 433 1745 pon's
449 1681 553 1738 portes,
573 1687 644 1741 quas
657 1666 700 1720 sol
714 1665 868 1740 adspiciat,
886 1667 997 1721 nullum
1009 1670 1138 1722 emittant
1149 1667 1291 1724 sudorem.

355 1761 446 1814 Solem
464 1761 546 1824 enim,
566 1750 699 1828 quicquid
716 1751 829 1807 sudoris
847 1764 1017 1827 compareat,
1037 1755 1078 1810 aei
1094 1773 1125 1808 se
1140 1757 1290 1812 attrahere.

356 1852 434 1915 Quae
450 1862 515 1899 uero
533 1854 606 1898 ueste
624 1850 674 1894 aut
691 1841 750 1892 alia
769 1839 870 1910 quavis
884 1857 914 1892 re
928 1851 1120 1908 contegantur,
1138 1859 1187 1896 eas
1204 1860 1293 1897 exsu-

354 1935 430 1985 dare.
465 1935 519 1984 Per
542 1931 600 1984 uim
618 1930 692 1982 enim
709 1925 776 1982 solie
793 1925 924 1982 sudorem
943 1930 1019 1995 elici,
1036 1931 1150 1984 savari
1161 1940 1255 1985 autem
1274 1949 1294 1984 a

352 2025 520 2088 tegumento,
539 2035 576 2070 ne
592 2014 629 2071 ab
649 2011 745 2068 eodem
762 2014 821 2067 sole
838 2013 975 2069 deleatur.
1005 2021 1073 2072 Cum
1087 2035 1152 2072 uero
1170 2017 1212 2074 acl
1228 2036 1293 2072 um-

354 2105 436 2159 bram
468 2105 552 2158 bomo
577 2103 746 2175 peruenerit,
773 2111 833 2154 tum
864 2105 989 2174 cprporis
1015 2105 1169 2175 aequaliter
1196 2122 1292 2157 omnes

351 2199 449 2263 partes
464 2187 572 2244 butue
601 2187 741 2262 diffluere,
777 2207 838 2240 cum
865 2191 910 2244 eol
932 2209 989 2244 nan
1013 2191 1136 2261 amplius
1158 2186 1292 2262 effidgeat

297 2317 300 2326 Δ
353 2279 463 2351 uimque
485 2293 565 2331 suam
589 2287 728 2332 exerceat.
766 2273 892 2342 (Verbat
916 2271 1009 2348 oiootyeo
1026 2273 1055 2330 tt
1071 2274 1106 2330 ro*
1123 2274 1228 2332 τοιοῦτο
1246 2271 1293 2332 oio

353 2360 410 2422 elno*
428 2358 485 2420 ‘coir
500 2357 607 2420 ὑδάτων
625 2366 713 2433 μόνον
730 2357 787 2418 τῶν
805 2360 946 2434 λιμναίων,
964 2359 1034 2418 llll
1050 2369 1095 2418 uel
1112 2359 1166 2420 uiuo*
1184 2361 1294 2420 θαλάσ-

354 2468 411 2520 σης,
430 2453 531 2524 procul
552 2450 642 2505 dubio
666 2459 798 2520 corrupto
822 2459 904 2518 sunt,
930 2468 996 2506 cum
1020 2452 1095 2508 iusto
1117 2451 1204 2506 modo
1227 2469 1294 2507 cnm

354 2537 524 2610 antegressis
553 2555 614 2592 non
644 2538 822 2592 cohaereant.
856 2541 900 2592 De
922 2537 995 2592 meri
1024 2537 1103 2592 enim
1126 2537 1184 2591 iem
1212 2546 1293 2593 anteo

355 2642 448 2682 sermo
466 2633 539 2692 eret,
556 2641 738 2698 nequaquem
756 2641 825 2682 vero
844 2622 880 2678 de
899 2623 1067 2695 paludibus,
1090 2633 1124 2680 ut
1146 2623 1294 2682 inversum

355 2712 452 2785 potius
479 2722 626 2784 exspectes
651 2701 873 2774 ordinemz'ole
896 2705 951 2765 cinci
968 2709 1015 2780 τῆς
1038 2703 1179 2779 θαλάσσης
1199 2709 1294 2782 μόνον,

355 2797 426 2857 otte
444 2806 490 2854 καὶ
510 2794 567 2854 toi
586 2797 642 2854 τῶν
661 2794 770 2854 ὑδάτων
786 2796 842 2856 τῶν
859 2797 1013 2868 λιμναίων).
1049 2797 1121 2850 eum
1139 2795 1185 2850 his
1203 2795 1294 2868 Hip·

358 2885 527 2960 pocratis
551 2884 649 2942 verbis
673 2887 801 2944 conferes
818 2882 1033 2942 Aristotelis
1051 2881 1145 2938 Probi.
1158 2885 1180 2950 Ι,
1199 2890 1244 2942 52.
1261 2900 1292 2952 p.

356 2976 417 3038 86⁵.
441 2973 469 3026 b·
488 2973 523 3037 11,
541 2979 568 3034 9·
594 2965 1292 3044 p.867‚a.15.p.867,b.36.p.870,s.37.

355 3057 427 3113 ibid.
446 3061 482 3124 V,
502 3053 546 3116 tlt.
566 3075 594 3132 p.
614 3055 674 3122 884.
694 3073 721 3109 e.
741 3066 768 3111 et
786 3057 1032 3128 Theophrast.
1061 3057 1097 3111 de
1121 3056 1244 3112 sudorib.
1262 3073 1291 3129 p.

354 3143 417 3207 l59.
455 3146 544 3201 Causa
567 3160 636 3197 vero
662 3157 713 3195 cur
731 3140 890 3195 hinkius
913 3151 1041 3214 negaret,
1069 3141 1132 3196 rim
1156 3157 1293 3214 evapora-

354 3229 440 3286 tionis
468 3229 614 3288 veteribus
637 3226 778 3302 cognitam
801 3225 900 3295 inisse,
920 3241 953 3279 ea
977 3226 1046 3295 fuit,
1073 3229 1141 3302 qnia
1160 3231 1292 3298 caspium

353 3334 429 3372 mere
446 3333 514 3373 cum
531 3325 620 3389 ponto
638 3312 751 3370 Euxino
764 3312 858 3370 canali
873 3312 1003 3368 iunctum
1019 3324 1163 3370 conserent
1171 3322 1290 3381 veteres,

352 3405 475 3480 ideoque
497 3421 558 3458 non
582 3401 788 3475 intelligerent,
816 3419 874 3476 quo
899 3401 1000 3477 ingens
1023 3402 1073 3457 illa
1095 3415 1185 3472 aquae
1207 3399 1292 3471 copie

353 3502 457 3559 rueret,
475 3509 547 3566 quoe
565 3509 582 3544 e
599 3489 696 3546 fluviis
713 3489 865 3546 uberrimis
882 3489 1069 3548 adveheretur
1085 3487 1161 3555 (tum
1177 3496 1291 3558 tempo-

353 3580 393 3636 ris
419 3580 504 3635 etiam
523 3580 603 3634 Oxus
628 3576 659 3631 in
678 3577 813 3650 caspium
836 3594 915 3636 mere
940 3572 1102 3641 defluebat).
1136 3572 1191 3628 Ait
1213 3573 1290 3628 enim

353 3667 582 3722 Aristoteles
600 3667 771 3731 Meteorol.,1,
791 3672 834 3722 13.
851 3683 882 3736 p·
897 3673 957 3730 351,
977 3659 1093 3721 atSub
1111 3671 1200 3716 monte
1216 3665 1291 3714 Gau-

355 3769 422 3806 case
438 3763 567 3823 stagnum
580 3755 704 3819 'exsistit
723 3751 800 3824 quod
817 3754 931 3808 accolae
947 3752 1006 3803 eius
1023 3766 1099 3804 mare
1115 3757 1233 3804 uocant:
1258 3744 1291 3800 id

353 3841 434 3908 enirn,
452 3840 542 3892 multis
552 3837 718 3904 fluminibus
735 3842 824 3912 iisque
838 3835 996 3910 ingentibus
1013 3837 1138 3908 receptis,
1156 3830 1292 3903 manip‘es-

288 3959 292 3966 ·
355 3937 413 3980 tum
435 3945 494 3980 non
515 3923 624 3979 babens
640 3925 787 3998 effluoem,
816 3937 918 3981 terram
934 3923 1010 3981 subit
1027 3941 1064 3981 oc
1081 3923 1185 3978 demum
1206 3923 1292 3975 iuxta

355 4017 485 4076 &taxos
503 4012 704 4080 circulorum,
729 4034 808 4088 quern
823 4010 1046 4085 tertullinus
1062 4018 1178 4076 uocant,
1204 4008 1292 4077 (mare
