2850 4730
278 307 322 386 tt
439 304 682 378 Nonnullae
706 315 894 374 veterum
913 306 966 374 de
989 307 1124 374 nentis

279 509 339 578 que
360 483 497 554 conflata
518 481 604 577 apud
626 479 857 552 Vitruvium
886 481 1030 576 aliosq'ne
1060 483 1217 579 reperies,
1245 483 1283 554 de

278 587 391 682 quibus
406 610 492 670 vero,
512 612 552 656 ne
567 584 655 679 longi
670 586 779 672 simus,
801 587 880 656 nihil
894 603 968 681 post
984 587 1224 658 salmasium
1237 591 1284 673 ¹⁹)

276 708 308 764 et
341 682 641 774 Genetlium⁶b
675 715 849 762 monemus.
899 691 989 762 Tota
1020 692 1083 765 ista
1120 711 1285 763 ventorum

277 797 499 890 terminologia
525 795 683 892 superflua
704 796 827 866 reddita
850 814 914 882 est,
942 824 980 866 ex
1002 823 1065 892 quo
1087 797 1285 872 horizontem

277 903 467 972 recentiores
488 901 523 970 in
545 917 645 972 certas
668 917 774 994 partes
802 901 985 987 diviserunt,
1015 905 1099 974 unde
1122 921 1281 1000 punctum,

278 1019 403 1098 exssqno
425 1022 535 1076 ventus
558 1005 668 1102 spirat,
691 1005 914 1076 mathematica
936 1006 1059 1078 ratione
1082 1009 1284 1078 determinari

277 1119 393 1206 pot'est.
437 1111 629 1204 Fragmenta
664 1128 770 1182 tamen
810 1113 924 1182 veteris
964 1113 1203 1206 terminologiae
1232 1140 1283 1183 re·

277 1233 460 1286 manserunt
482 1216 569 1312 apud
590 1215 761 1286 hodiernos
783 1215 897 1286 Italos.

715 1416 745 1502 §-
778 1417 831 1482 ιο.

278 1537 523 1609 Nonnullae
553 1537 742 1606 ceterum
772 1537 818 1606 de
842 1536 979 1604 ventis
1008 1535 1281 1605 observatio-

573 1667 648 1712 nes
675 1654 717 1712 et
747 1642 997 1733 opiniones.⁴

365 1783 654 1865 Aristoteles¹)
684 1786 742 1869 ait,
780 1810 818 1851 ex
848 1784 1000 1851 diametro
1030 1783 1090 1852 sibi
1118 1781 1282 1877 oppositos

278 1905 389 1960 ventos
415 1911 480 1956 uno
502 1889 675 1982 eodemque
697 1905 839 1984 tempore
862 1889 939 1958 flare
961 1910 1028 1956 non
1050 1912 1156 1984 posse,
1183 1911 1283 1982 neque

278 1995 366 2064 flare.
410 1987 545 2062 Deinde
566 1995 669 2080 addit,
698 1993 863 2063 contrariis
887 1993 962 2080 anni
989 1995 1183 2089 temporibus
1209 2017 1284 2062 con·

277 2098 393 2168 uarios
416 2097 551 2166 maxime
566 2099 695 2192 spirare
718 2117 829 2169 ventos
853 2126 900 2169 ex.
916 2124 963 2192 gr.
986 2098 1070 2166 circa
1084 2097 1209 2166 vernale
1232 2121 1283 2164 ae-

278 2201 469 2298 quinoctium
502 2202 652 2271 Caeciam
679 2219 711 2272 et
738 2203 899 2289 adseclas,
922 2203 1004 2272 circa
1026 2201 1204 2271 autumnale
1228 2225 1281 2268 ae·

279 2307 470 2402 quinoctium
492 2307 634 2378 Africum
656 2309 840 2404 vicinosque
863 2324 989 2394 ventos,
1020 2307 1103 2377 eirca
1129 2305 1283 2374 aestivum

276 2411 448 2497 Favonius,
479 2413 559 2484 circa
573 2412 723 2488 ,brumale
746 2413 951 2484 Vulturnum.
997 2411 1159 2484 Omnibus
1182 2426 1286 2478 antem

277 2517 474 2612 supervenire
496 2518 672 2613 Aquilones
700 2535 733 2587 et
763 2519 888 2612 quibis
917 2519 1060 2612 cognati,
1084 2517 1284 2611 reliquosque

278 2639 390 2694 ventos
413 2645 530 2717 ponere
538 2626 576 2710 ²),
597 2624 691 2710 unde,
720 2626 749 2694 si
771 2626 827 2711 vis,
850 2625 1063 2720 interpreteris
1085 2623 1181 2692 verba
1202 2621 1238 2689 H
1245 2645 1282 2688 o·

278 2729 426 2810 ratii'):

480 2859 524 2870 —
545 2841 609 2886 nee
631 2819 742 2888 timuit
756 2817 984 2910 praecipitem
1005 2815 1164 2910 Africum
1239 2788 1244 2792 ι

435 2923 735 2994 Decerlantem
755 2921 992 3017 Aquilonibus.

281 3085 489 3102 ‚un———n———

278 3179 327 3248 t9)
350 3176 516 3238 Excereitnt.
536 3179 657 3233 Plinien·
675 3194 706 3250 p.
723 3180 774 3239 878
785 3179 888 3239 -892,

280 3286 328 3354 50)
358 3281 445 3338 veter
463 3281 508 3337 die
527 3281 742 3340 Windscbeiben
762 3283 813 3340 der
830 3283 916 3338 Alcen
934 3281 966 3336 in
986 3283 1017 3336 1³.
1035 3282 1071 3337 A.
1091 3278 1191 3337 Wolf
1204 3278 1282 3330 Lite-

316 3408 317 3412 κ
350 3371 476 3426 roriscbe
492 3373 645 3427 Anuleeten
663 3373 731 3428 Hert
740 3374 791 3428 tv.

300 3483 329 3550 t)
354 3476 451 3548 Δῆλον,
470 3473 514 3534 ‘o'ct
533 3472 592 3550 ipo
609 3484 689 3550 πνεῖν
706 3479 769 3536 cois
786 3479 839 3549 μὲν
856 3476 992 3532 ἕναντίουν
1010 3469 1055 3540 οὔχ
1072 3468 1131 3526 οἷόν
1148 3489 1189 3524 τε.
1212 3463 1282 3523 unci

309 3641 315 3652 ι
351 3563 499 3638 διάμετρον
513 3566 567 3639 ,γάρ
586 3560 681 3639 ἅτερος
699 3559 749 3624 οὖν
765 3559 899 3622 uniretur
918 3560 1109 3636 οἷποβιοισθεὶι.
1126 3555 1190 3612 eois
1202 3554 1231 3610 δὲ
1242 3550 1282 3626 μή

350 3647 421 3709 οὕτω
440 3661 580 3726 κειμένους
597 3655 667 3728 ruptis
684 3650 779 3710 ἄλλους
795 3647 870 3708 οὐδὲν
889 3652 994 3708 κωλύει.
1030 3647 1176 3704 Meleorol.
1185 3648 1220 3712 11,
1239 3645 1266 3702 6.

282 3765 327 3831 .2)
352 3757 546 3816 Ἐπιπίπτουνι
563 3758 593 3814 δὲ
615 3767 673 3818 τοῖς
694 3757 786 3816 illl-occ
802 3739 904 3830 poileio
920 3765 966 3814 nel
983 3761 1118 3812 παύουσιν
1136 3751 1285 3820 ἀπαρκτίαι

284 3899 288 3906 .
350 3846 398 3902 noi
419 3851 554 3918 θροοκίοιι
576 3853 622 3902 καὶ
640 3844 751 3921 (inplent
767 3848 815 3904 διοῖ
836 3846 868 3906 ed
887 3847 1024 3920 ἐγγυτάτω
1045 3843 1097 3913 τήν
1121 3839 1212 3916 ὁρμήν
1233 3837 1285 3893 αὗ-

284 3987 287 3994 .
350 3931 406 3990 τοῖν
423 3935 504 3990 εἶναι·
521 3933 622 3992 πολλοί
636 3957 666 3992 ce
681 3944 730 3992 ,καὶ
746 3941 850 4010 ἴοχυροι
865 3939 994 3990 πνέουσιν
1009 3931 1114 4007 periisse
1130 3923 1215 3986 ciret.

300 4045 330 4114 a)
357 4041 430 4097 ooo.
438 4044 461 4108 1,
479 4049 506 4109 ο,
526 4049 569 4100 1³.
