2824 4746
486 349 576 417 soli
594 359 634 416 et
655 351 796 418 maris.
1084 357 1149 422 219

149 522 269 617 plantis
291 537 322 591 et
345 523 509 596 arboribus
532 526 666 596 eundem
691 524 803 595 caloris
833 524 900 594 sive
925 525 1050 619 [rigoris
1079 553 1150 623 gra·

149 627 225 696 dum
248 627 423 711 convenire,
447 626 526 697 alias
549 627 685 727 calopem
708 629 865 713 adamare,
887 629 1019 726 ideoque
1040 633 1075 702 in
1093 657 1150 704 ca·

148 728 314 800 lidiorihus
328 729 511 825 regionibus
527 734 728 827 potissimum
742 734 841 818 nasci,
860 733 940 803 alias
955 731 1149 825 frigidiorem

149 841 256 904 adrem
268 851 300 906 et
311 861 448 908 crescere
459 837 575 906 idcirco
593 838 626 906 in
645 838 824 930 regionibus
843 844 922 933 polo
939 839 1149 934 propioribus.

148 935 360 1026 Posteriores,
369 943 552 1034 praesertim
564 967 634 1013 cum
644 942 678 1011 in
690 943 778 1010 terris
789 941 914 1034 degant,
927 967 1006 1036 quae
1017 941 1152 1015 brumali

149 1058 292 1136 tempore
314 1045 386 1115 nive
408 1063 567 1140 tegantur,
597 1070 723 1116 omnem
751 1044 868 1116 cultum
890 1047 1069 1116 hortensem
1096 1048 1152 1116 ad-

151 1148 296 1242 spernari
324 1149 507 1232 affirmat⁸).
552 1151 706 1237 Causam,
736 1176 791 1221 cur
811 1151 894 1221 aliae
922 1151 1051 1246 plantae
1077 1151 1152 1222 cali·

153 1252 268 1339 diores,
291 1253 372 1324 aliae
393 1255 570 1348 frigidiores
592 1256 737 1350 regiones
764 1273 885 1340 ament,
916 1271 1036 1332 veteres
1058 1256 1091 1325 in
1113 1281 1153 1326 eo

151 1358 365 1450 quaerendam
387 1383 458 1430 esse
474 1377 670 1447 censuerunt,
694 1362 780 1456 quod
793 1362 889 1432 variis
910 1359 1026 1454 plantis
1049 1362 1153 1430 varius

149 1450 266 1532 caloris
284 1463 361 1535 insit
382 1467 514 1558 gradus:
550 1469 736 1562 praesertim
758 1465 907 1536 hederam
928 1462 1055 1559 reliquis
1082 1491 1154 1536 esse

152 1564 333 1638 calidiorem
356 1570 446 1656 adeo,
469 1588 504 1642 ut
525 1573 579 1642 niu
601 1597 672 1642 eam
693 1571 797 1663 prius,
827 1593 922 1664 quam
943 1583 1082 1638 caeteras
1104 1569 1152 1637 fu-

152 1669 228 1760 giat,
251 1667 389 1742 affirmat
410 1673 655 1744 Plutarchus
670 1678 708 1754 ⁹).
831 1747 840 1764 ,
1059 1759 1061 1764 ι

240 1774 421 1870 Regionum
443 1779 641 1873 paludosam,
665 1776 795 1846 caeteris
810 1775 950 1871 paribus,
973 1775 1154 1846 calidiorem

150 1901 238 1962 esse,
270 1903 364 1971 quam
391 1881 558 1977 paludibus
581 1879 765 1973 stagnisque
795 1894 961 1964 carentem,
983 1879 1063 1949 bene
1084 1905 1153 1949 mo·

151 1997 229 2049 nent
249 1981 528 2078 Hippocrates
543 1987 597 2072 ¹'),
618 1981 915 2080 Theophrastus
932 1985 988 2072 ¹¹),
1016 1983 1069 2080 qui
1090 1987 1153 2080 pri-

96 2079 106 2102 *
151 2107 222 2152 mas
245 2086 327 2155 veris
349 2086 438 2158 initio
460 2089 589 2184 plantas
612 2089 646 2158 in
667 2087 853 2184 paludibus,
881 2086 993 2158 deinde
1014 2088 1049 2157 in
1069 2113 1153 2158 cam-

64 2239 68 2248 ,
150 2187 201 2282 pis
224 2189 348 2283 apricis,
372 2192 506 2286 denique
528 2193 735 2278 innuentibus
751 2189 948 2260 efflorescere
972 2191 1072 2262 docet.
1110 2195 1154 2262 At

153 2291 214 2361 sibi
235 2297 300 2362 nori
322 2297 510 2368 constabant
531 2311 661 2384 veteres,
683 2297 738 2367 alii
760 2297 853 2382 enim,
873 2295 955 2365 inter
970 2321 1049 2390 quos
1064 2297 1155 2365 Ari-

156 2461 368 2476 Μ

223 2545 336 2620 ιόορίαπ
353 2547 475 2618 εἴπομεν·
492 2575 528 2594 -
544 2549 580 2589 ἕ-
597 2543 641 2602 ao
662 2541 713 2620 γὰρ
735 2542 816 2614 δῆίίν
832 2565 894 2602 τινα
911 2545 982 2616 ἔχειν
997 2543 1047 2617 τὴν
1063 2545 1158 2622 ιιρόοιν

222 2634 272 2706 τῆς
289 2633 390 2707 φόοεωε
408 2632 478 2706 πρός
495 2633 528 2689 πό
545 2637 678 2708 περιέχον.

172 2743 203 2816 8)
225 2745 329 2798 Hester.
346 2741 472 2814 plantor.
481 2742 502 2808 1,
521 2747 548 2806 3,
567 2739 593 2797 6·
612 2757 641 2812 p·
651 2745 694 2798 ts.
712 2739 772 2794 ἔνιοι
789 2737 819 2794 δὲ
836 2736 931 2812 [φυτὰ]
949 2733 1015 2808 μηδ’
1029 2732 1098 2794 dius
1110 2737 1157 2795 δί-

223 2850 301 2898 χεται
324 2830 492 2900 θεραπείαν,
516 2823 584 2882 duo?
608 2831 654 2881 καί
674 2829 755 2898 χείρω
777 2828 897 2898 γίνεται,
920 2827 1047 2895 παθοίπερ
1066 2823 1157 2895 ἕίοίτη,

127 2985 129 2990 Ι
222 2913 319 2985 πεόιιη,
337 2913 469 2989 ιιὴίαιρον
480 2921 527 2970 καί
537 2908 627 2970 daridis
645 2906 696 2968 όοα
710 2911 826 2985 φυχροόε
844 2908 944 2967 τόπους
956 2910 1032 2983 pstea
1042 2919 1087 2967 καί
1097 2933 1157 2981 χιο-

224 2998 328 3058 νυόδειε.
489 3071 491 3076 Ι
986 3057 989 3066 ,

171 3111 202 3182 9)
228 3110 386 3178 Quaestion.
394 3115 523 3184 Sympos.
532 3109 579 3175 111,
597 3113 624 3164 2.
643 3107 743 3180 p.637.
771 3105 883 3180 Optime
901 3103 994 3162 addit:
1020 3102 1061 3160 At
1076 3101 1159 3180 dusp-

188 3257 190 3260 ,
223 3195 303 3269 βολαί
320 3200 465 3268 φθείρουσι
482 3194 530 3251 reis
546 3189 679 3265 δυνάμεις.
698 3191 742 3249 διό
760 3195 816 3250 τοῖν
833 3193 963 3250 ἐναντίοιν
978 3189 1079 3263 pistos
1097 3191 1160 3262 όρί-

225 3304 329 3356 ymas,
341 3289 387 3338 ιιοιί
398 3279 571 3354 φιλόθερμόν
583 3280 623 3338 ε’ςι
639 3277 671 3336 τό
689 3277 793 3354 ψυχρόν
811 3287 855 3334 καὶ
868 3278 1033 3351 φιλόψυχρον
1043 3277 1078 3337 τό
1088 3285 1159 3351 dsp-
1256 3349 1261 3365 k

225 3363 290 3440 μδν.
313 3364 383 3424 ὅθεν
399 3368 430 3424 οἱ
442 3367 541 3445 όρεινυὶ
557 3373 603 3422 ιιαί
620 3363 821 3437 πνευματώδεις
845 3373 890 3420 καί
914 3363 1057 3438 νιφόμενοι
1079 3363 1160 3421 τόποι

225 3457 260 3512 τό
279 3455 385 3528 δᾳδώδη
401 3463 449 3510 ιιαί
466 3451 620 3527 πιοότροφα
636 3451 692 3511 suiv
707 3452 806 3525 φυτῶν,
823 3448 926 3523 μα’ίιια
944 3451 1042 3509 mainus
1059 3449 1079 3523 ἢ
1096 3469 1160 3527 spo-

227 3543 327 3615 βίίουε,
347 3543 495 3615 ἐκφέρουσι.

159 3654 206 3721 10)
229 3657 270 3705 De
287 3655 361 3721 a‘e're,
380 3651 461 3722 aquis
473 3658 498 3702 et
516 3648 593 3702 locis.
613 3631 690 3718 §.2⁵8.
711 3645 766 3703 cu.
782 3647 906 3716 Coray.
925 3647 1008 3700 Tom.
1023 3647 1058 3701 Π.
1076 3666 1103 3718 p.
1113 3648 1158 3712 94.

158 3783 204 3841 11)
229 3782 272 3832 De
289 3791 383 3829 causa.
400 3777 525 3847 plantor.
540 3774 578 3839 V,
598 3779 642 3838 12,
660 3779 687 3828 3.
706 3770 806 3844 ptos.
840 3767 933 3822 Etiam
951 3767 1080 3824 Strabo
1098 3772 1160 3826 v11.

229 3881 259 3936 p.
273 3869 324 3923 307
354 3861 411 3918 aits
446 3862 564 3932 Scyrius
586 3861 690 3932 hyeme
710 3862 790 3913 huus
809 3865 838 3912 et
855 3855 973 3928 paludes
988 3853 1158 3924 inhabitare,

230 3958 334 4008 aestate
351 3965 468 4022 campos
482 3953 610 4022 apricos,
634 3947 732 4022 itaque
749 3933 869 4019 burdes
885 3941 999 4016 campis.
1011 3942 1161 4002 calidiores

232 4051 292 4094 esso
309 4043 412 4092 censet.
