2824 4746
482 343 546 410 De
567 339 791 428 parheliis.
1081 343 1143 416 197

131 532 201 588 tatu
220 517 409 610 dignissima
436 533 509 586 suut
547 515 644 586 verba
666 515 913 587 Aristotelis
929 521 974 596 ⁶):
1013 517 1143 588 Cohae-

128 631 205 689 reat
225 622 383 712 singulae
403 621 674 713 solisimagiaes
693 632 843 712 propter
864 621 1025 712 eae’gruam
1047 647 1141 718 mag-

128 725 334 811 nitudinem,
366 738 406 796 ut
433 749 538 794 unam
567 726 765 794 continuam
794 725 974 816 imaginem
1003 727 1139 796 ealzibe-

128 841 203 914 aat,
226 831 383 921 singulae
404 831 554 898 discerni
572 839 752 922 nequeant.
795 827 880 898 Fiesi
907 827 981 897 dicit
1009 828 1140 898 halones

134 935 339 1028 potissimum
372 936 456 1004 circa
486 935 612 1019 lunam,
645 934 719 1029 quia
747 933 810 1018 sol,
842 960 912 1004 eum
938 933 1070 1004 calidior
1099 935 1140 1004 sit

128 1040 216 1124 luna,
240 1039 331 1108 citius
355 1039 514 1110 dissolvat
537 1047 640 1134 aquae'
660 1061 795 1133 vapores
805 1039 847 1122 ⁶).
868 1041 871 1046 ’

469 1269 476 1284 ''
581 1291 611 1378 §-
635 1289 687 1363 n.

420 1530 422 1534 Α
468 1428 534 1496 De
556 1427 782 1517 parheliis.

825 1534 834 1557 s

185 1586 378 1656 Parhelia
393 1584 569 1684 (παρήλιοι
581 1583 766 1680 apudAris
777 1581 956 1664 totelem)
971 1609 1072 1678 neque
1085 1610 1134 1655 su-

126 1717 185 1788 pra
197 1717 299 1784 neque
315 1689 399 1758 infra
416 1687 526 1756 solem
538 1692 703 1778 (γίνονται
720 1684 749 1756 δ’
766 1689 804 1757 ἐκ
816 1694 961 1776 πλαγίας
976 1685 1060 1772 a'el),
1081 1679 1135 1758 ne*-

127 1805 187 1892 qde
199 1794 347 1891 opposita
363 1793 440 1860 liunt
454 1791 513 1860 soli
524 1795 562 1877 ¹),
578 1815 681 1883 neque
693 1805 806 1859 noctu:
827 1789 964 1884 plurima
977 1791 1136 1860 occidente

127 1901 208 1985 sole,
237 1897 419 1981 rarissima,
449 1895 503 1965 ubi
526 1894 576 1962 sol
602 1894 772 1964 maximam
798 1893 995 1964 altitudinem
1026 1913 1135 1966 nactus

126 2022 184 2089 est,
208 2004 292 2072 cuius
314 2002 360 2070 rei
380 2007 476 2068 unum
498 2015 621 2068 tantum
644 1996 822 2090 exemplum
845 1999 1063 2070 Aristoteli
1084 2001 1135 2070 in·

126 2108 241 2192 notuit,
264 2132 335 2174 cum
356 2105 390 2172 in
411 2103 583 2198 Bosphoro
607 2103 669 2172 duo
691 2101 837 2196 parhelia
859 2102 900 2172 ab
915 2119 1055 2198 utroque
1080 2129 1132 2173 so·
1157 2171 1160 2178 ,

124 2215 166 2283 lis
188 2214 286 2280 latere
308 2209 382 2278 inde
406 2209 447 2278 ab
470 2225 541 2278 ortu
564 2209 606 2276 ad
628 2231 774 2277 occasum
796 2233 895 2300 usque
918 2225 1132 2280 cernerentur.

124 2315 222 2387 Unde
245 2341 301 2386 sua
322 2311 538 2407 transscripsit
561 2311 722 2382 Plinius
736 2315 779 2396 ²):
801 2311 849 2390 Et
871 2337 991 2380 rursus
1010 2315 1131 2402 plures

122 2417 215 2490 sales
237 2419 342 2489 semul
361 2413 557 2499 cernantur,
589 2440 652 2484 nec
673 2416 926 2505 sapm·z'psam,
948 2439 1011 2485 nec
1032 2416 1131 2508 infin,

192 2659 239 2722 nal
256 2661 354 2734 χιόνος.
373 2658 437 2720 ὅσον
455 2662 484 2719 δὲ
502 2662 622 2718 πλείονες
640 2655 713 2716 illas
727 2659 902 2733 συνιςᾶμεναι
913 2667 1067 2735 φαίνονται,
1085 2683 1133 2718 το-

193 2751 291 2810 σοῦτον
310 2754 358 2806 nal
371 2751 491 2823 μείζονες
508 2747 707 2821 austaldus-ac
725 2744 863 2819 χειμῶνες.

141 2863 173 2932 5)
196 2860 380 2930 Melemolag.
392 2859 444 2925 111,
463 2866 489 2916 3.
508 2876 536 2930 p.
547 2861 608 2924 375,
628 2873 661 2910 a:
678 2852 767 2910 δεῖδὲ
785 2859 858 2910 νοεῖν
878 2853 973 2922 συνεχῆ
998 2852 1034 2908 vol
1050 2853 1133 2909 ἔνοπ-

194 2964 255 3020 τρα·
274 2941 344 3002 ἀλλά
356 2940 403 2998 dal
419 2941 574 3014 μικρότητα
592 2943 688 3000 laesos
704 2943 755 3014 μὲν
771 2936 898 3012 ἀόρατον,
916 2937 948 2996 τὸ
960 2936 985 2995 d'
999 2939 1029 3005 ἐξ
1041 2936 1132 2999 ἁπάν-

194 3054 250 3090 των
266 3027 297 3087 ἓν
315 3031 389 3086 εἶναι
408 3023 497 3087 δοκεῖν
514 3026 560 3086 διὰ
578 3025 610 3086 ud
628 3027 730 3101 ἐφεξῆς.

142 3143 174 3208 6)
199 3135 347 3194 Histonium
372 3142 513 3210 γίγνονται
538 3135 570 3192 ai
594 3131 652 3205 ἅλῳ
675 3143 737 3206 περὶ
759 3136 809 3204 τήν
835 3133 944 3206 σελήνην
969 3133 1132 3214 ildesindo

196 3219 275 3294 ἥλιον
299 3228 469 3300 θερμότερον
488 3223 557 3282 ὅντα
583 3220 693 3280 θᾶττον
717 3221 835 3282 διαλύειν
858 3224 907 3280 τάς
936 3220 1054 3283 ooedaas
1083 3219 1133 3278 sai

196 3309 283 3385 siloae.
544 3303 552 3322 ³

147 3421 177 3488 1)
202 3417 380 3472 Anthelia
397 3416 476 3472 enim
499 3417 636 3472 differunt
654 3435 670 3470 a
688 3414 888 3488 parheliis,
913 3415 967 3470 etsi
991 3410 1134 3480 οἶνθηλίων

198 3505 340 3562 vocabulo
359 3504 572 3560 cleomedes
591 3502 746 3574 posteriora
763 3500 923 3570 insignivit.
946 3500 1017 3568 (etr.
1036 3501 1133 3553 looum

199 3609 286 3662 supra
303 3596 328 3660 §.
338 3589 382 3647 dt.
395 3600 456 3646 not.
469 3598 511 3650 15.
530 3589 704 3658 laudatum.)
730 3587 868 3643 Anthelia
879 3586 955 3640 nihil
966 3595 1034 3641 suut
1046 3585 1133 3648 aliud,

199 3677 256 3732 nisi
275 3677 412 3750 imagines
430 3680 508 3746 solis,
527 3695 543 3730 a
560 3676 645 3742 nube,
665 3673 908 3748 quemadmodum
925 3673 961 3726 ab
979 3690 1062 3746 aqua,
1088 3689 1134 3724 ra-

200 3764 299 3818 flexae.
337 3763 393 3818 Clr.
408 3768 489 3820 Luc.
508 3764 660 3820 Howard
677 3764 792 3817 climate
809 3759 846 3830 ef
858 3759 987 3836 london.
998 3763 1032 3812 11.
1051 3777 1079 3830 p.
1091 3766 1133 3814 11.

202 3854 271 3904 Tale
291 3850 506 3921 phaenomeuon
524 3851 556 3906 in
573 3849 679 3906 viconia
697 3848 805 3903 Oxonii
822 3847 899 3904 vidit
915 3847 1000 3902 etiam
1018 3845 1134 3902 Swiu-

204 3951 264 3994 ton
283 3938 489 4008 Philosophiae!
508 3941 710 3994 Transactions
728 3935 938 4009 abridged.Xl.
958 3951 986 4006 p.
996 3923 1067 4024 53¹2..

138 4055 166 4119 2)
196 4050 272 4102 Hist.
294 4047 403 4101 aot.ll.
423 4053 467 4103 31.
