2846 4734
295 347 337 410 28
581 338 648 406 Ad
666 335 1005 406 Eudiomstrium

295 535 365 619 bns,
387 559 457 604 cum
478 531 620 602 homines
642 555 702 624 per
722 532 809 601 vicos
832 531 935 600 adhuc
950 531 1086 626 dispersi
1106 531 1298 623 habitarent,

294 637 455 708 Bacchum
484 663 523 706 ex
552 635 690 706 occiduis
721 651 821 706 terrae
849 635 991 730 partibus
1022 665 1092 706 cnm
1119 642 1299 710 numerosis

293 743 427 814 militum
449 743 548 838 copiis
571 741 760 810 adventasse
782 755 815 809 et
835 740 975 825 Indiam,
1006 741 1095 811 nulla
1122 743 1197 811 dum
1219 747 1300 815 urbe

292 847 500 932 memorabili,
516 871 596 942 quae
611 845 696 916 hosti
709 846 855 914 resistere
870 847 1033 939 potuisset,
1049 847 1232 916 instructam
1247 866 1297 917 tn·

293 970 359 1023 tam
381 977 584 1047 peragrasse3
613 977 687 1022 curn
707 973 782 1019 vero
803 973 921 1042 magno
943 951 1047 1020 vexati
1070 967 1160 1022 aestu
1181 952 1297 1022 milites

293 1073 382 1154 peste
403 1055 584 1140 interirent,
620 1083 692 1126 enm
719 1054 828 1148 copias
858 1079 879 1123 a
905 1056 1133 1150 campestribus
1161 1055 1242 1124 locis
1263 1057 1298 1126 in

293 1175 446 1230 montana
458 1159 634 1246 deduxisse,
647 1159 700 1229 uhi
721 1184 818 1228 aurae
832 1157 1005 1252 frigidioris
1016 1157 1135 1229 adflatu
1147 1175 1180 1228 et
1195 1184 1299 1254 aqueae

292 1265 428 1362 purioris
450 1264 493 1332 sd
514 1264 604 1358 ipsas
619 1262 754 1334 fontium
768 1262 929 1332 scatebras
944 1264 1163 1358 promanentis
1181 1263 1296 1336 haustu

291 1369 422 1440 recreati
443 1367 555 1438 morbo
575 1393 652 1438 mox
672 1383 780 1438 essent
801 1367 928 1436 liberati
947 1377 1012 1454 ¹0).

378 1482 505 1562 Ventos
520 1479 677 1558 ¹marinos¹
697 1490 806 1560 afferre
834 1488 991 1557 interdum
1022 1487 1097 1558 salis
1121 1487 1293 1584 particulas

292 1583 428 1668 assumat
462 1585 769 1692 Theophrastus
796 1601 859 1674 ¹²).
925 1592 1060 1662 Acidum
1092 1593 1297 1664 carbonicum

291 1703 434 1798 pluribus
467 1702 501 1770 in
533 1699 612 1774 locis
646 1699 744 1770 nimia
776 1697 949 1792 quantitate
986 1715 1164 1790 generatur,
1200 1724 1298 1794 eaque

290 1823 395 1890 tanta,
409 1801 413 1812 ’
428 1821 461 1874 ut
491 1799 634 1872 hominis
669 1819 700 1872 ct
728 1803 877 1872 animalia
910 1799 1074 1870 confestim
1106 1805 1296 1895 exstinguat.

291 1909 389 1984 Cuius
412 1909 458 1976 rei
479 1907 572 2002 plura
594 1905 779 2000 exemplati
805 1905 961 1976 veteribus
989 1923 1166 1977 narrantur.
1212 1909 1296 1978 Cum

195 2071 197 2085 .
289 2035 365 2081 veru
393 2011 518 2080 acidum
545 2009 624 2079 illud
646 2009 786 2104 pondere
823 2010 971 2104 specifico
1001 2011 1139 2102 gaudeat
1165 2014 1295 2099 maiore,

290 2141 386 2210 quam
399 2123 469 2184 'air
499 2115 560 2183 iste
587 2114 742 2207 vulgaris,
776 2139 814 2183 ex
830 2141 910 2210 ·quo
939 2116 1158 2211 atmosphaers
1185 2132 1296 2186 nostra

290 2219 467 2321 composita
494 2235 559 2304 est,
599 2219 666 2288 fieri
693 2243 759 2288 non
781 2236 887 2316 potest
925 2223 1000 2316 quin
1030 2219 1151 2290 infimas
1193 2238 1294 2291 atmo-

290 2323 443 2422 sphaerae
466 2323 610 2425 regiones
633 2342 781 2422 occupet,
826 2327 869 2396 ad
897 2326 1011 2428 altiora
1032 2353 1098 2397 non
1124 2327 1296 2398 adscendet

290 2432 363 2513 (etsi
385 2454 450 2499 non
476 2429 581 2515 video,
605 2455 668 2524 qua
689 2431 724 2500 id
739 2431 871 2516 ratione,
894 2431 955 2500 nisi
981 2458 1084 2525 aegre,
1107 2432 1295 2503 cumDal-

289 2536 377 2604 toni
399 2534 520 2604 theoria
541 2535 709 2607 conciliari¹
725 2543 844 2628 queat),
866 2537 949 2606 unde
972 2553 1069 2632 patet,
1092 2562 1188 2630 quam
1202 2561 1295 2606 verae

289 2641 353 2712 sint
374 2639 624 2710 narratirmculae
646 2638 725 2709 istae
747 2656 886 2708 veterum
909 2641 1113 2734 scriptorum,
1141 2665 1294 2736 saepenu-

287 2769 375 2818 mero
397 2747 431 2816 in
454 2744 680 2818 dubitationem
703 2761 850 2829 vocatae,
883 2743 954 2815 loca
987 2745 1118 2814 existere
1147 2745 1238 2838 plura
1259 2745 1294 2811 in
1403 2789 1406 2796 ι

289 2917 499 2948 ’W

288 3000 337 3070 to)
360 3003 436 3054 stum
454 2999 501 3054 hic
519 3000 555 3054 do
573 3000 693 3057 cholera
712 3001 809 3057 ludica
825 3017 919 3080 sermo
936 3002 997 3056 est?

289 3098 335 3169 11)
360 3103 418 3154 Καὶ
440 3093 508 3154 ὅταν
531 3105 613 3172 πνέῃ,
636 3096 814 3157 cotoirdv'ut
834 3107 900 3159 πνεῖ
914 3102 1025 3158 saductus
1032 3143 1040 3172 ,
1064 3096 1083 3156 δ’
1104 3099 1144 3179 τῇ
1166 3097 1239 3176 ἅλμῃ
1261 3099 1307 3175 τῇ

328 3250 333 3262 f
357 3187 541 3261 ἐπιφερομένῃ
560 3187 767 3244 sarcasmum
783 3188 941 3260 λυμαίνεται
960 3187 996 3245 ui
1014 3183 1102 3259 ἄνθη.
1138 3197 1181 3246 Dc
1203 3207 1296 3244 causs.

314 3340 317 3348 μ
354 3275 482 3347 plantor.
501 3277 543 3344 11,
569 3280 604 3342 7,
629 3284 655 3333 5.
680 3293 708 3346 p·
726 3272 789 3333 dOd·
831 3275 874 3333 Cf.
897 3280 1032 3333 Dulton
1055 3277 1087 3332 in
1111 3277 1297 3333 Manchester

342 3363 504 3418 'Memoirs
531 3360 604 3420 Now
615 3362 768 3431 Serteslv,
788 3382 816 3434 ρ.
827 3373 889 3422 330.
909 3369 970 3426 370.
998 3367 1118 3422 Journal
1129 3363 1165 3431 of
1170 3366 1294 3436 Scimcc,

337 3449 510 3522 '11,p.175.
547 3451 691 3510 Forster
715 3450 760 3512 ins
788 3457 904 3525 Voyuge
931 3456 1003 3508 darer
1028 3451 1219 3523 Nae'misphtre
1241 3470 1296 3505 uu-

281 3544 284 3554 '
356 3539 430 3593 strul
446 3547 472 3592 et
489 3551 590 3594 uutour
609 3539 649 3596 du
666 3538 770 3594 monde
788 3557 839 3612 par
858 3541 965 3596 (look.
983 3539 1069 3595 Puris.
1080 3545 1158 3600 1778.
1180 3541 1262 3594 Tom.
1272 3543 1294 3608 1,

264 3628 266 3637 '
354 3633 439 3698 ΜΒ.
459 3627 600 3692 Gilbert
616 3629 759 3682 Annatm.
770 3629 878 3694 XXXI,
897 3635 979 3700 p.98.
1003 3627 1232 3683 Hermbstiidt
1249 3627 1296 3683 in:

358 3713 590 3787 abhandlungen
605 3717 654 3768 dtr
660 3717 790 3770 Berliner
801 3715 957 3769 Akademr'e
969 3717 1048 3786 1⁸ii·
1060 3717 1174 3790 physilc.
1184 3715 1294 3770 Klasse.

354 3818 386 3874 p.x
397 3801 441 3859 56.
469 3799 548 3854 Idem
566 3799 729 3859 observavit
746 3803 777 3858 in
795 3803 900 3859 vicinia
917 3804 1033 3856 lacuum
1057 3807 1116 3859 sale
1138 3819 1297 3877 praegnan-

306 3915 311 3922 v
356 3888 430 3943 tium
446 3886 805 3958 Asticne'ssptsutrionalis
824 3892 973 3960 Voluey
991 3887 1138 3966 (Voyuge's
1163 3909 1199 3944 en
1217 3892 1297 3962 Syrie

356 3983 383 4026 et
406 3993 440 4028 en
463 3965 579 4058 Egypte.
604 3977 725 4044 Tom.1‚
747 3995 776 4050 p.
792 3979 861 4046 65·)·
896 3979 940 4031 De
964 3977 1163 4049 phaenomsno
1180 3975 1297 4033 uberius

357 4057 415 4114 alio
432 4063 497 4115 loco
518 4061 696 4118 disseremus.
