2850 4730
291 303 334 370 6²
579 289 806 369 Ventorum
827 289 1004 365 theoria
1046 269 1051 278 ’

289 497 377 546 ream
404 469 531 566 quidem
558 467 710 562 frigidum
736 482 770 538 et
790 465 954 538 humidum
976 468 1117 564 spirare,
1146 471 1225 564 quia
1254 475 1293 544 ab

289 580 356 650 eius
377 575 465 646 modi
485 571 565 648 locis
586 573 705 644 seratur
727 588 759 642 et
780 572 822 644 ad
842 570 915 644 loca
941 591 1097 666 permeet,
1124 600 1205 670 quae
1237 577 1295 649 Sol

290 708 356 756 non
382 679 549 778 pervadat,
578 702 680 770 neque
707 684 780 746 a'e're
811 676 962 748 exsiccato
985 675 1150 748 humorem
1176 680 1295 750 ebibat.

295 787 374 856 lnde
397 783 546 880 proximis
577 781 703 876 quidem
724 780 773 850 illi
794 780 926 874 regioni,
948 783 1031 852 nude
1052 785 1159 880 spiret,
1179 783 1296 854 incolis

291 890 530 986 frigidissimum
557 909 638 970 esse,
668 882 794 954 minime
824 909 903 956 vero
938 887 1169 958 remotissimis.
1226 890 1296 959 Au·

290 1013 389 1068 strum
405 1013 562 1086 quoquea
583 987 661 1058 locis
676 1005 788 1060 natura
803 991 956 1086 Aquiloni
983 992 1139 1062 similibus
1163 994 1295 1090 spirare.

290 1103 374 1172 Cum
396 1097 480 1166 enim
501 1093 541 1160 ah
564 1093 696 1164 australi
718 1119 775 1162 axe
789 1094 845 1168 llet
866 1111 897 1166 et
919 1120 940 1164 a
960 1096 1034 1166 nive
1055 1097 1163 1184 multa,
1185 1099 1297 1190 glacie,

289 1202 457 1294 validoque
479 1195 551 1290 gelu
571 1197 719 1290 prodeat,
739 1197 803 1268 illis
828 1200 974 1294 quidem,
1006 1200 1059 1294 qni
1080 1225 1179 1296 prope
1201 1201 1296 1273 habi-

289 1321 374 1389 tent,
402 1305 500 1374 talem
526 1299 647 1395 spirare
675 1303 850 1390 contendit,
888 1305 1013 1400 qualem
1042 1306 1134 1377 nobis
1161 1305 1297 1378 boream

289 1407 366 1480 flare
388 1430 518 1478 necesse
541 1403 592 1474 sit.
638 1404 778 1496 Quando
801 1433 877 1480 vero
898 1435 956 1503 per
984 1408 1060 1478 solis
1088 1432 1231 1478 accessus
1257 1409 1294 1481 in

290 1514 455 1586 meridiem
488 1510 600 1606 spiret,
629 1509 781 1582 exhausta
804 1535 824 1582 a
845 1512 912 1584 sole
934 1514 998 1584 eius
1021 1511 1218 1598 humiditate,
1244 1537 1296 1585 re·

289 1621 437 1692 siccatum
455 1639 626 1700 rarescere,
651 1615 786 1711 ideoque
809 1617 928 1690 calidus
950 1631 983 1686 et
1004 1616 1104 1691 siccus
1127 1615 1171 1687 ad
1192 1617 1294 1690 Grae·

291 1726 374 1794 ciam
396 1721 568 1820 perveniat,
590 1743 719 1792 necesse
735 1746 823 1808 esse,
845 1723 1040 1817 proindeque
1062 1721 1170 1791 vicinis
1193 1724 1294 1816 regio-

290 1830 384 1898 nibus
416 1827 549 1894 eandem
578 1825 644 1894 vim
674 1824 810 1895 calidam
838 1842 871 1896 et
900 1827 1014 1896 siccam
1042 1851 1081 1894 ex
1109 1827 1296 1896 necessitate

290 1930 463 2025 impertire,
499 1929 533 1996 id
563 1929 648 2023 quod
678 1929 712 2000 in
740 1930 843 2024 Libya
862 1928 976 2017 faciat,
1003 1955 1151 2014 cumea,
1174 1955 1256 2026 quae
1278 1957 1296 2002 e

291 2049 375 2104 terra
397 2046 575 2117 nascantur,
602 2031 731 2103 humore
753 2035 861 2106 nativo
882 2037 986 2130 privet
1007 2053 1039 2106 et
1059 2035 1203 2104 homiues
1225 2062 1296 2106 sen·

290 2137 350 2210 sim
371 2134 548 2232 sensimque
570 2138 712 2208 exsiccet
755 2135 844 2232 Nam
870 2167 942 2212 cum
963 2167 1063 2234 neque
1085 2165 1103 2208 e
1125 2140 1214 2224 meri,
1236 2165 1293 2208 ne·

293 2268 354 2336 que
376 2239 512 2308 alluvio
535 2241 673 2336 quodam
695 2245 814 2312 maiore
836 2244 1000 2315 humorem
1021 2244 1160 2338 accipere
1180 2243 1295 2338 possit,

292 2370 442 2438 exsugere
458 2371 529 2414 eum
552 2345 643 2439 quasi
665 2345 883 2418 humiditatem
906 2374 944 2417 ex
966 2348 1176 2418 animantibus
1206 2349 1296 2443 plane

204 2493 206 2500 ,
291 2453 403 2546 sisque.
448 2449 517 2518 Ubi
545 2474 620 2519 vero
644 2476 730 2520 mare
753 2451 927 2537 transierit,
957 2480 1028 2522 cum
1055 2451 1173 2524 calidus
1202 2453 1296 2522 mini-

290 2581 402 2650 meque
423 2555 541 2645 .deusus
564 2553 684 2640 existat,
707 2557 805 2626 multa
827 2583 898 2628 eum
920 2555 1104 2628 humiditate
1125 2557 1296 2650 regionem,

291 2662 451 2756 adquam
473 2656 590 2743 tendat,
613 2657 756 2752 implere,
778 2661 912 2756 ideoque
936 2678 1040 2734 auster
1061 2660 1180 2732 cahdus
1204 2661 1244 2729 sit
1266 2677 1299 2730 et

290 2765 437 2836 humidus
467 2787 596 2833 necesse
625 2788 713 2849 esse,
741 2766 804 2833 nisi
825 2767 991 2858 regionum
1021 2767 1100 2835 situs
1119 2764 1298 2858 ‘prohibeat

289 2872 385 2952 (ὅκου
411 2865 461 2968 μή
485 2873 554 2942 τῶν
580 2877 717 2970 χωρίων
745 2876 788 2942 αἱ
809 2873 925 2952 θέσιες
955 2877 1065 2942 αἴτιαί
1082 2865 1193 2952 ιεἶσιν).
1245 2871 1300 2940 Ad

290 2975 423 3043 eundem
444 2997 519 3040 vero
542 2979 672 3043 modum
695 2976 788 3044 etiam
802 2974 999 3068 reliquorum¹
1013 2992 1180 3048 ventorum
1201 2973 1299 3046 lacul-

268 3091 371 3158 ¹tates
394 3101 428 3142 se
450 3073 575 3168 habere.
619 3077 746 3148 Deinde
769 3079 906 3148 affirmat
928 3095 1057 3166 ventoS‚
1089 3081 1204 3174 quiex
1229 3104 1298 3148 ma-

289 3179 333 3251 ris
371 3177 555 3270 regionibus
588 3181 775 3270 obveniant,
824 3181 968 3258 sicciores
1005 3182 1140 3254 existere
1182 3183 1297 3252 solere.

289 3281 413 3356 Nostra
447 3298 549 3354 aetate
575 3284 642 3356 sere
676 3289 863 3357 contrariam
898 3288 1087 3362 sententiam
1117 3309 1297 3382 proponere

289 3389 448 3459 solemnsr
485 3406 567 3459 recte
598 3415 673 3460 vero
712 3418 746 3462 se
781 3393 900 3462 habent
943 3392 1172 3486 Hippocrates.
1217 3387 1299 3460 Non

289 3497 373 3565 enim
395 3486 433 3566 de
455 3497 625 3591 vaporibus
651 3521 757 3566 sermo
780 3513 839 3583 est,
866 3519 946 3592 quos
969 3497 1111 3566 sensibus
1134 3496 1298 3590 percipere

289 3624 354 3668 non
382 3625 551 3694 possumus
559 3611 572 3689 ,¹
601 3603 657 3673 sed
679 3604 717 3672 de
741 3626 824 3696 aqua
845 3603 909 3670 iam
936 3601 971 3670 in
996 3600 1153 3696 liquidum
1182 3617 1298 3670 statum

289 3704 449 3771 redeunte.
492 3705 662 3798 Vaporem
692 3723 801 3792 'autem
831 3709 989 3799 quantitas
997 3761 1006 3792 ‚
1031 3707 1092 3778 etsi
1117 3707 1218 3777 maior
1247 3719 1297 3772 est

290 3807 482 3896 spirantibus
507 3811 608 3878 ventis
632 3811 780 3896 marinis,
811 3828 917 3882 tamen
938 3811 1123 3906 perfectiore
1144 3809 1238 3879 modo
1261 3808 1297 3877 in

287 3915 360 3982 aete
389 3911 482 3980 soluti
511 3937 582 3982 esse
610 3930 703 4008 atque
734 3915 836 3985 minus
861 3917 1010 3986 sensibus
1042 3915 1159 4010 percipi
1194 3936 1293 4008 posse

289 4011 401 4098 solent,
425 4037 520 4107 quam
543 4017 613 4088 aliis
629 4021 730 4090 ventis
753 4021 912 4094 flentibus.
957 4021 1027 4090 Eos
1042 4037 1149 4092 autem
1170 4035 1293 4103 ventos,
