<?xml version="1.0" encoding="UTF-8"?>
<!DOCTYPE html PUBLIC "-//W3C//DTD XHTML 1.0 Transitional//EN"
    "http://www.w3.org/TR/xhtml1/DTD/xhtml1-transitional.dtd">
<html xmlns="http://www.w3.org/1999/xhtml" xml:lang="en" lang="en">
 <head>
  <title>
</title>
<meta http-equiv="Content-Type" content="text/html;charset=utf-8" />
  <meta name='ocr-system' content='tesseract 3.04.00' />
  <meta name='ocr-capabilities' content='ocr_page ocr_carea ocr_par ocr_line ocrx_word'/>
</head>
<body>
  <div class='ocr_page' id='page_1' title='image "./meteorologiavet02idelgoog_0091.png"; bbox 0 0 2850 4730; ppageno 0'>
   <div class='ocr_carea' id='block_1_1' title="bbox 291 297 1142 394">
    <p class='ocr_par' dir='ltr' id='par_1_1' title="bbox 291 297 1142 394">
     <span class='ocr_line' id='line_1_1' title="bbox 291 297 1142 394; baseline -0.012 -18"><span class='ocrx_word' id='word_1_1' title='bbox 291 302 335 376; x_wconf 82' lang='lat'><em>76</em></span> <span class='ocrx_word' id='word_1_2' title='bbox 455 301 705 372; x_wconf 80' lang='lat' dir='ltr'><em>Nonnullae</em></span> <span class='ocrx_word' id='word_1_3' title='bbox 727 311 915 370; x_wconf 82' lang='lat' dir='ltr'><em>aeterum</em></span> <span class='ocrx_word' id='word_1_4' title='bbox 935 299 985 368; x_wconf 82' lang='lat' dir='ltr'><em>de</em></span> <span class='ocrx_word' id='word_1_5' title='bbox 1008 297 1142 394; x_wconf 69' lang='lat' dir='ltr'><em>ventis</em></span> 
     </span>
    </p>
   </div>
   <div class='ocr_carea' id='block_1_2' title="bbox 290 475 1299 575">
    <p class='ocr_par' dir='ltr' id='par_1_2' title="bbox 290 475 1299 575">
     <span class='ocr_line' id='line_1_2' title="bbox 290 475 1299 575; baseline 0 -29"><span class='ocrx_word' id='word_1_6' title='bbox 290 476 418 546; x_wconf 84' lang='lat' dir='ltr'><em>Arcturi</em></span> <span class='ocrx_word' id='word_1_7' title='bbox 433 475 532 564; x_wconf 88' lang='lat' dir='ltr'><em>sidus,</em></span> <span class='ocrx_word' id='word_1_8' title='bbox 556 478 643 575; x_wconf 93' lang='lat' dir='ltr'><em>quod</em></span> <span class='ocrx_word' id='word_1_9' title='bbox 664 477 801 548; x_wconf 87' lang='lat' dir='ltr'><em>exoritur</em></span> <span class='ocrx_word' id='word_1_10' title='bbox 820 476 966 546; x_wconf 84' lang='lat' dir='ltr'>undecim</span> <span class='ocrx_word' id='word_1_11' title='bbox 980 475 1090 548; x_wconf 86' lang='lat' dir='ltr'><em>diebus</em></span> <span class='ocrx_word' id='word_1_12' title='bbox 1105 478 1299 571; x_wconf 70' lang='lat' dir='ltr'><em>anteaequi-</em></span> 
     </span>
    </p>
   </div>
   <div class='ocr_carea' id='block_1_3' title="bbox 176 569 1417 783">
    <p class='ocr_par' dir='ltr' id='par_1_3' title="bbox 176 569 1417 783">
     <span class='ocr_line' id='line_1_3' title="bbox 289 569 1417 675; baseline 0 -25"><span class='ocrx_word' id='word_1_13' title='bbox 289 581 433 651; x_wconf 90' lang='lat' dir='ltr'><em>noctium</em></span> <span class='ocrx_word' id='word_1_14' title='bbox 462 584 620 667; x_wconf 83' lang='lat' dir='ltr'><strong>autumni,</strong></span> <span class='ocrx_word' id='word_1_15' title='bbox 651 608 720 652; x_wconf 90' lang='lat' dir='ltr'><em>cum</em></span> <span class='ocrx_word' id='word_1_16' title='bbox 752 606 814 674; x_wconf 90' lang='lat' dir='ltr'><em>quo</em></span> <span class='ocrx_word' id='word_1_17' title='bbox 832 569 952 651; x_wconf 77' lang='lat' dir='ltr'><em>¹Corus</em></span> <span class='ocrx_word' id='word_1_18' title='bbox 978 579 1106 675; x_wconf 82' lang='lat' dir='ltr'>incipit,</span> <span class='ocrx_word' id='word_1_19' title='bbox 1136 579 1306 652; x_wconf 71' lang='lat' dir='ltr'><em>Vulturno</em></span> <span class='ocrx_word' id='word_1_20' title='bbox 1416 639 1417 642; x_wconf 18' lang='lat'>¹</span> 
     </span>
     <span class='ocr_line' id='line_1_4' title="bbox 176 684 1299 783; baseline 0 -27"><span class='ocrx_word' id='word_1_21' title='bbox 176 717 179 720; x_wconf 94' lang='lat'>·</span> <span class='ocrx_word' id='word_1_22' title='bbox 289 687 476 756; x_wconf 88' lang='lat' dir='ltr'><em>contrarius.</em></span> <span class='ocrx_word' id='word_1_23' title='bbox 520 686 668 783; x_wconf 88' lang='lat' dir='ltr'><em>Denique</em></span> <span class='ocrx_word' id='word_1_24' title='bbox 699 713 770 756; x_wconf 89' lang='lat' dir='ltr'><em>cum</em></span> <span class='ocrx_word' id='word_1_25' title='bbox 794 685 908 756; x_wconf 89' lang='lat' dir='ltr'><em>hiemis</em></span> <span class='ocrx_word' id='word_1_26' title='bbox 931 685 1059 755; x_wconf 87' lang='lat' dir='ltr'><em>exordio</em></span> <span class='ocrx_word' id='word_1_27' title='bbox 1081 684 1299 779; x_wconf 73' lang='lat' dir='ltr'><em>Vergiliarum</em></span> 
     </span>
    </p>
   </div>
   <div class='ocr_carea' id='block_1_4' title="bbox 286 787 1298 992">
    <p class='ocr_par' dir='ltr' id='par_1_4' title="bbox 286 787 1298 992">
     <span class='ocr_line' id='line_1_5' title="bbox 286 787 1298 886; baseline 0.004 -28"><span class='ocrx_word' id='word_1_28' title='bbox 286 813 417 874; x_wconf 86' lang='lat' dir='ltr'><em>occasu,</em></span> <span class='ocrx_word' id='word_1_29' title='bbox 452 791 536 885; x_wconf 87' lang='lat' dir='ltr'><em>quod</em></span> <span class='ocrx_word' id='word_1_30' title='bbox 557 807 681 886; x_wconf 88' lang='lat' dir='ltr'><em>tempus</em></span> <span class='ocrx_word' id='word_1_31' title='bbox 704 791 738 859; x_wconf 91' lang='lat' dir='ltr'><em>in</em></span> <span class='ocrx_word' id='word_1_32' title='bbox 759 790 808 858; x_wconf 93' lang='lat' dir='ltr'><em>lII</em></span> <span class='ocrx_word' id='word_1_33' title='bbox 830 790 904 859; x_wconf 91' lang='lat' dir='ltr'><em>Idus</em></span> <span class='ocrx_word' id='word_1_34' title='bbox 928 787 1128 870; x_wconf 86' lang='lat' dir='ltr'><em>Novembres</em></span> <span class='ocrx_word' id='word_1_35' title='bbox 1157 791 1298 862; x_wconf 81' lang='lat' dir='ltr'>incidere</span> 
     </span>
     <span class='ocr_line' id='line_1_6' title="bbox 286 894 1298 992; baseline 0 -30"><span class='ocrx_word' id='word_1_36' title='bbox 286 894 380 981; x_wconf 89' lang='lat' dir='ltr'><em>solet,</em></span> <span class='ocrx_word' id='word_1_37' title='bbox 403 894 577 992; x_wconf 88' lang='lat' dir='ltr'><em>Aquilones</em></span> <span class='ocrx_word' id='word_1_38' title='bbox 600 895 728 966; x_wconf 83' lang='lat' dir='ltr'><em>aestivis</em></span> <span class='ocrx_word' id='word_1_39' title='bbox 752 894 952 965; x_wconf 87' lang='lat' dir='ltr'>dissimillimi</span> <span class='ocrx_word' id='word_1_40' title='bbox 973 895 1153 967; x_wconf 84' lang='lat' dir='ltr'><em>exoriuntur</em></span> <span class='ocrx_word' id='word_1_41' title='bbox 1174 911 1205 964; x_wconf 87' lang='lat' dir='ltr'><em>et</em></span> <span class='ocrx_word' id='word_1_42' title='bbox 1225 920 1298 990; x_wconf 89' lang='lat' dir='ltr'><em>per-</em></span> 
     </span>
    </p>
   </div>
   <div class='ocr_carea' id='block_1_5' title="bbox 180 1001 374 1069">
    <p class='ocr_par' dir='ltr' id='par_1_5' title="bbox 180 1001 374 1069">
     <span class='ocr_line' id='line_1_7' title="bbox 180 1001 374 1069; baseline 0.01 -2"><span class='ocrx_word' id='word_1_43' title='bbox 180 1021 185 1028; x_wconf 93' lang='lat'><em>·</em></span> <span class='ocrx_word' id='word_1_44' title='bbox 285 1001 374 1069; x_wconf 83' lang='lat' dir='ltr'><em>flent</em></span> 
     </span>
    </p>
   </div>
   <div class='ocr_carea' id='block_1_6' title="bbox 183 1103 1379 2977">
    <p class='ocr_par' dir='ltr' id='par_1_6' title="bbox 183 1103 1379 2449">
     <span class='ocr_line' id='line_1_8' title="bbox 367 1103 1299 1190; baseline 0.005 -19"><span class='ocrx_word' id='word_1_45' title='bbox 367 1103 464 1174; x_wconf 82' lang='lat' dir='ltr'><em>&#39;Idem</em></span> <span class='ocrx_word' id='word_1_46' title='bbox 493 1121 602 1174; x_wconf 82' lang='lat' dir='ltr'>auctor</span> <span class='ocrx_word' id='word_1_47' title='bbox 629 1103 704 1174; x_wconf 88' lang='lat' dir='ltr'><em>dicit</em></span> <span class='ocrx_word' id='word_1_48' title='bbox 712 1107 760 1190; x_wconf 82' lang='lat'><em>³):</em></span> <span class='ocrx_word' id='word_1_49' title='bbox 801 1105 931 1174; x_wconf 83' lang='lat' dir='ltr'><em>Omnes</em></span> <span class='ocrx_word' id='word_1_50' title='bbox 963 1105 1054 1174; x_wconf 78' lang='lat' dir='ltr'><em>renti</em></span> <span class='ocrx_word' id='word_1_51' title='bbox 1074 1105 1203 1174; x_wconf 75' lang='lat' dir='ltr'><em>vicibus</em></span> <span class='ocrx_word' id='word_1_52' title='bbox 1226 1107 1299 1176; x_wconf 80' lang='lat' dir='ltr'><em>suis</em></span> 
     </span>
     <span class='ocr_line' id='line_1_9' title="bbox 287 1209 1298 1300; baseline 0.002 -24"><span class='ocrx_word' id='word_1_53' title='bbox 287 1209 425 1298; x_wconf 79' lang='lat' dir='ltr'><em>spirant</em></span> <span class='ocrx_word' id='word_1_54' title='bbox 449 1211 582 1279; x_wconf 85' lang='lat' dir='ltr'><em>maiore</em></span> <span class='ocrx_word' id='word_1_55' title='bbox 612 1219 800 1300; x_wconf 74' lang='lat' dir='ltr'><em>exparte,</em></span> <span class='ocrx_word' id='word_1_56' title='bbox 832 1220 897 1278; x_wconf 89' lang='lat' dir='ltr'><em>aut</em></span> <span class='ocrx_word' id='word_1_57' title='bbox 927 1221 966 1278; x_wconf 89' lang='lat' dir='ltr'><em>ut</em></span> <span class='ocrx_word' id='word_1_58' title='bbox 986 1210 1183 1280; x_wconf 81' lang='lat' dir='ltr'><em>contrarius</em></span> <span class='ocrx_word' id='word_1_59' title='bbox 1210 1210 1298 1278; x_wconf 88' lang='lat' dir='ltr'><em>desi-</em></span> 
     </span>
     <span class='ocr_line' id='line_1_10' title="bbox 286 1313 1296 1406; baseline -0.001 -26"><span class='ocrx_word' id='word_1_60' title='bbox 286 1314 385 1381; x_wconf 82' lang='lat' dir='ltr'><em>nenti</em></span> <span class='ocrx_word' id='word_1_61' title='bbox 397 1315 555 1405; x_wconf 84' lang='lat' dir='ltr'><em>incipiat.</em></span> <span class='ocrx_word' id='word_1_62' title='bbox 604 1315 719 1406; x_wconf 84' lang='lat' dir='ltr'><em>Quum</em></span> <span class='ocrx_word' id='word_1_63' title='bbox 737 1313 902 1402; x_wconf 70' lang='lat' dir='ltr'><em>proxime</em></span> <span class='ocrx_word' id='word_1_64' title='bbox 918 1314 1119 1383; x_wconf 69' lang='lat' dir='ltr'><em>cadentibus</em></span> <span class='ocrx_word' id='word_1_65' title='bbox 1141 1324 1296 1404; x_wconf 67' lang='lat' dir='ltr'><em>surgunt</em></span> 
     </span>
     <span class='ocr_line' id='line_1_11' title="bbox 287 1416 1297 1502; baseline 0.001 -17"><span class='ocrx_word' id='word_1_66' title='bbox 287 1442 312 1485; x_wconf 90' lang='lat' dir='ltr'><em>a</em></span> <span class='ocrx_word' id='word_1_67' title='bbox 335 1417 432 1486; x_wconf 85' lang='lat' dir='ltr'><em>loeao</em></span> <span class='ocrx_word' id='word_1_68' title='bbox 463 1419 572 1488; x_wconf 88' lang='lat' dir='ltr'><em>latere</em></span> <span class='ocrx_word' id='word_1_69' title='bbox 594 1418 630 1486; x_wconf 90' lang='lat' dir='ltr'><em>in</em></span> <span class='ocrx_word' id='word_1_70' title='bbox 652 1419 832 1502; x_wconf 73' lang='lat' dir='ltr'><em>dextrum,</em></span> <span class='ocrx_word' id='word_1_71' title='bbox 862 1427 902 1484; x_wconf 93' lang='lat' dir='ltr'><em>ut</em></span> <span class='ocrx_word' id='word_1_72' title='bbox 922 1417 999 1501; x_wconf 88' lang='lat' dir='ltr'><em>Sal,</em></span> <span class='ocrx_word' id='word_1_73' title='bbox 1029 1416 1192 1486; x_wconf 87' lang='lat' dir='ltr'><em>ambiunt.</em></span> <span class='ocrx_word' id='word_1_74' title='bbox 1236 1417 1297 1486; x_wconf 88' lang='lat' dir='ltr'><em>De</em></span> 
     </span>
     <span class='ocr_line' id='line_1_12' title="bbox 286 1521 1296 1616; baseline -0.003 -25"><span class='ocrx_word' id='word_1_75' title='bbox 286 1524 421 1592; x_wconf 87' lang='lat' dir='ltr'><em>ratione</em></span> <span class='ocrx_word' id='word_1_76' title='bbox 443 1547 562 1592; x_wconf 85' lang='lat' dir='ltr'><em>aarum</em></span> <span class='ocrx_word' id='word_1_77' title='bbox 583 1532 772 1606; x_wconf 89' lang='lat' dir='ltr'><em>menstrua,</em></span> <span class='ocrx_word' id='word_1_78' title='bbox 796 1532 925 1616; x_wconf 87' lang='lat' dir='ltr'><em>quarta</em></span> <span class='ocrx_word' id='word_1_79' title='bbox 946 1523 1098 1588; x_wconf 75' lang='lat' dir='ltr'><em>manime</em></span> <span class='ocrx_word' id='word_1_80' title='bbox 1112 1521 1215 1590; x_wconf 88' lang='lat' dir='ltr'><em>Luna</em></span> <span class='ocrx_word' id='word_1_81' title='bbox 1239 1521 1296 1589; x_wconf 88' lang='lat' dir='ltr'><em>de-</em></span> 
     </span>
     <span class='ocr_line' id='line_1_13' title="bbox 286 1626 1379 1721; baseline -0.002 -25"><span class='ocrx_word' id='word_1_82' title='bbox 286 1627 404 1710; x_wconf 78' lang='lat' dir='ltr'><em>cernit.</em></span> <span class='ocrx_word' id='word_1_83' title='bbox 448 1626 575 1696; x_wconf 83' lang='lat' dir='ltr'><em>Deinde</em></span> <span class='ocrx_word' id='word_1_84' title='bbox 602 1626 708 1696; x_wconf 83' lang='lat' dir='ltr'>addit:</span> <span class='ocrx_word' id='word_1_85' title='bbox 751 1626 913 1696; x_wconf 85' lang='lat' dir='ltr'><em>Omnium</em></span> <span class='ocrx_word' id='word_1_86' title='bbox 945 1626 1080 1721; x_wconf 87' lang='lat' dir='ltr'><em>quidem</em></span> <span class='ocrx_word' id='word_1_87' title='bbox 1109 1627 1159 1712; x_wconf 90' lang='lat' dir='ltr'><em>(si</em></span> <span class='ocrx_word' id='word_1_88' title='bbox 1190 1627 1298 1695; x_wconf 86' lang='lat' dir='ltr'><em>libeat</em></span> <span class='ocrx_word' id='word_1_89' title='bbox 1378 1647 1379 1654; x_wconf 53' lang='lat'>¹</span> 
     </span>
     <span class='ocr_line' id='line_1_14' title="bbox 286 1729 1296 1811; baseline -0.006 -9"><span class='ocrx_word' id='word_1_90' title='bbox 286 1733 469 1806; x_wconf 81' lang='lat' dir='ltr'><em>obseruare</em></span> <span class='ocrx_word' id='word_1_91' title='bbox 495 1729 653 1802; x_wconf 89' lang='lat' dir='ltr'><em>minimos</em></span> <span class='ocrx_word' id='word_1_92' title='bbox 685 1732 849 1811; x_wconf 82' lang='lat' dir='ltr'><em>ambitus)</em></span> <span class='ocrx_word' id='word_1_93' title='bbox 882 1733 997 1801; x_wconf 87' lang='lat' dir='ltr'><em>redire</em></span> <span class='ocrx_word' id='word_1_94' title='bbox 1031 1731 1171 1800; x_wconf 87' lang='lat' dir='ltr'><em>easdem</em></span> <span class='ocrx_word' id='word_1_95' title='bbox 1207 1731 1296 1800; x_wconf 84' lang='lat' dir='ltr'><em>aices</em></span> 
     </span>
     <span class='ocr_line' id='line_1_15' title="bbox 285 1835 1296 1930; baseline -0.004 -26"><span class='ocrx_word' id='word_1_96' title='bbox 285 1837 507 1930; x_wconf 79' lang='lat' dir='ltr'><em>quadriennio</em></span> <span class='ocrx_word' id='word_1_97' title='bbox 535 1846 663 1904; x_wconf 77' lang='lat' dir='ltr'><em>exacto</em></span> <span class='ocrx_word' id='word_1_98' title='bbox 686 1835 857 1904; x_wconf 74' lang='lat' dir='ltr'><em>Eudorus</em></span> <span class='ocrx_word' id='word_1_99' title='bbox 874 1846 996 1924; x_wconf 81' lang='lat' dir='ltr'><em>putat.-</em></span> <span class='ocrx_word' id='word_1_100' title='bbox 1028 1858 1098 1904; x_wconf 91' lang='lat' dir='ltr'><em>non</em></span> <span class='ocrx_word' id='word_1_101' title='bbox 1122 1843 1296 1902; x_wconf 75' lang='lat' dir='ltr'><em>centonum</em></span> 
     </span>
     <span class='ocr_line' id='line_1_16' title="bbox 183 1932 1296 2031; baseline 0 -25"><span class='ocrx_word' id='word_1_102' title='bbox 183 2001 184 2006; x_wconf 73' lang='grc'>,</span> <span class='ocrx_word' id='word_1_103' title='bbox 285 1940 401 2022; x_wconf 88' lang='lat' dir='ltr'><em>mado,</em></span> <span class='ocrx_word' id='word_1_104' title='bbox 437 1963 552 2007; x_wconf 85' lang='lat' dir='ltr'><em>aerum</em></span> <span class='ocrx_word' id='word_1_105' title='bbox 585 1947 621 2007; x_wconf 90' lang='lat' dir='ltr'><em>et</em></span> <span class='ocrx_word' id='word_1_106' title='bbox 650 1932 862 2031; x_wconf 80' lang='lat' dir='ltr'><em>reliquarum</em></span> <span class='ocrx_word' id='word_1_107' title='bbox 895 1933 1142 2030; x_wconf 82' lang='lat' dir='ltr'><em>tempestatum</em></span> <span class='ocrx_word' id='word_1_108' title='bbox 1168 1962 1296 2030; x_wconf 80' lang='lat' dir='ltr'><em>magna</em></span> 
     </span>
     <span class='ocr_line' id='line_1_17' title="bbox 284 2043 1296 2140; baseline 0.001 -30"><span class='ocrx_word' id='word_1_109' title='bbox 284 2065 331 2110; x_wconf 78' lang='lat' dir='ltr'><em>ex</em></span> <span class='ocrx_word' id='word_1_110' title='bbox 349 2043 457 2132; x_wconf 80' lang='lat' dir='ltr'><em>pnite.</em></span> <span class='ocrx_word' id='word_1_111' title='bbox 502 2045 619 2113; x_wconf 88' lang='lat' dir='ltr'><em>Nostra</em></span> <span class='ocrx_word' id='word_1_112' title='bbox 641 2045 742 2114; x_wconf 81' lang='lat' dir='ltr'><em>aetate</em></span> <span class='ocrx_word' id='word_1_113' title='bbox 765 2043 884 2140; x_wconf 88' lang='lat' dir='ltr'><em>cyclum</em></span> <span class='ocrx_word' id='word_1_114' title='bbox 906 2043 1120 2135; x_wconf 85' lang='lat' dir='ltr'><em>duodeviginti</em></span> <span class='ocrx_word' id='word_1_115' title='bbox 1141 2065 1296 2112; x_wconf 80' lang='lat' dir='ltr'><em>annorum</em></span> 
     </span>
     <span class='ocr_line' id='line_1_18' title="bbox 285 2145 1294 2245; baseline 0.002 -31"><span class='ocrx_word' id='word_1_116' title='bbox 285 2145 429 2216; x_wconf 84' lang='lat' dir='ltr'><em>lunarem</em></span> <span class='ocrx_word' id='word_1_117' title='bbox 469 2147 747 2242; x_wconf 81' lang='lat' dir='ltr'><em>meteorologicam</em></span> <span class='ocrx_word' id='word_1_118' title='bbox 784 2150 948 2245; x_wconf 89' lang='lat' dir='ltr'><em>periodum</em></span> <span class='ocrx_word' id='word_1_119' title='bbox 988 2147 1109 2217; x_wconf 85' lang='lat' dir='ltr'><em>efficere</em></span> <span class='ocrx_word' id='word_1_120' title='bbox 1149 2145 1294 2216; x_wconf 86' lang='lat' dir='ltr'><em>nonnulli</em></span> 
     </span>
     <span class='ocr_line' id='line_1_19' title="bbox 284 2249 1293 2348; baseline 0.003 -31"><span class='ocrx_word' id='word_1_121' title='bbox 284 2249 407 2346; x_wconf 87' lang='lat' dir='ltr'>physici</span> <span class='ocrx_word' id='word_1_122' title='bbox 426 2267 630 2345; x_wconf 84' lang='lat' dir='ltr'><em>putaverunt,</em></span> <span class='ocrx_word' id='word_1_123' title='bbox 660 2277 754 2348; x_wconf 85' lang='lat' dir='ltr'><em>quam</em></span> <span class='ocrx_word' id='word_1_124' title='bbox 776 2269 882 2323; x_wconf 82' lang='lat' dir='ltr'><em>tamen</em></span> <span class='ocrx_word' id='word_1_125' title='bbox 904 2253 1085 2347; x_wconf 86' lang='lat' dir='ltr'><em>opinionem</em></span> <span class='ocrx_word' id='word_1_126' title='bbox 1106 2249 1197 2319; x_wconf 88' lang='lat' dir='ltr'><em>nihili</em></span> <span class='ocrx_word' id='word_1_127' title='bbox 1215 2275 1293 2336; x_wconf 75' lang='lat' dir='ltr'><em>¹esso</em></span> 
     </span>
     <span class='ocr_line' id='line_1_20' title="bbox 283 2355 873 2449; baseline 0.007 -25"><span class='ocrx_word' id='word_1_128' title='bbox 283 2381 384 2449; x_wconf 88' lang='lat' dir='ltr'><em>nuper</em></span> <span class='ocrx_word' id='word_1_129' title='bbox 407 2355 635 2426; x_wconf 84' lang='lat' dir='ltr'><em>demonstravit</em></span> <span class='ocrx_word' id='word_1_130' title='bbox 658 2357 873 2440; x_wconf 83' lang='lat' dir='ltr'><em>Schouw⁹).</em></span> 
     </span>
    </p>

    <p class='ocr_par' dir='ltr' id='par_1_7' title="bbox 283 2459 1314 2977">
     <span class='ocr_line' id='line_1_21' title="bbox 372 2459 1314 2552; baseline 0 -22"><span class='ocrx_word' id='word_1_131' title='bbox 372 2462 467 2531; x_wconf 80' lang='lat' dir='ltr'><em>Circa</em></span> <span class='ocrx_word' id='word_1_132' title='bbox 499 2461 662 2531; x_wconf 87' lang='lat' dir='ltr'><em>meridiem</em></span> <span class='ocrx_word' id='word_1_133' title='bbox 689 2479 725 2552; x_wconf 30' lang='lat' dir='ltr'><em>(et</em></span> <span class='ocrx_word' id='word_1_134' title='bbox 759 2463 897 2533; x_wconf 81' lang='lat' dir='ltr'><em>mediam</em></span> <span class='ocrx_word' id='word_1_135' title='bbox 930 2479 1056 2546; x_wconf 79' lang='lat' dir='ltr'><em>noctem</em></span> <span class='ocrx_word' id='word_1_136' title='bbox 1082 2459 1314 2531; x_wconf 69' lang='lat' dir='ltr'><em>Ariston--</em></span> 
     </span>
     <span class='ocr_line' id='line_1_22' title="bbox 284 2559 1293 2658; baseline 0 -26"><span class='ocrx_word' id='word_1_137' title='bbox 284 2565 343 2635; x_wconf 90' lang='lat' dir='ltr'><em>les</em></span> <span class='ocrx_word' id='word_1_138' title='bbox 356 2569 399 2646; x_wconf 80' lang='lat'><em>¹⁹)</em></span> <span class='ocrx_word' id='word_1_139' title='bbox 438 2566 606 2638; x_wconf 81' lang='lat' dir='ltr'><em>malaciam</em></span> <span class='ocrx_word' id='word_1_140' title='bbox 643 2566 776 2638; x_wconf 83' lang='lat' dir='ltr'><em>existere</em></span> <span class='ocrx_word' id='word_1_141' title='bbox 805 2569 859 2637; x_wconf 84' lang='lat' dir='ltr'><em>ait.</em></span> <span class='ocrx_word' id='word_1_142' title='bbox 905 2567 1041 2658; x_wconf 62' lang='lat' dir='ltr'><em>Quaerit</em></span> <span class='ocrx_word' id='word_1_143' title='bbox 1077 2566 1179 2636; x_wconf 85' lang='lat' dir='ltr'><em>enim:</em></span> <span class='ocrx_word' id='word_1_144' title='bbox 1221 2559 1293 2636; x_wconf 78' lang='lat' dir='ltr'><em>&#39;Cur</em></span> 
     </span>
     <span class='ocr_line' id='line_1_23' title="bbox 284 2672 1291 2762; baseline -0.003 -22"><span class='ocrx_word' id='word_1_145' title='bbox 284 2672 398 2740; x_wconf 89' lang='lat' dir='ltr'><em>media</em></span> <span class='ocrx_word' id='word_1_146' title='bbox 428 2683 528 2740; x_wconf 89' lang='lat' dir='ltr'><em>nocte</em></span> <span class='ocrx_word' id='word_1_147' title='bbox 557 2684 592 2762; x_wconf 82' lang='lat' dir='ltr'><em>et</em></span> <span class='ocrx_word' id='word_1_148' title='bbox 619 2672 713 2740; x_wconf 86' lang='lat' dir='ltr'><em>cirea</em></span> <span class='ocrx_word' id='word_1_149' title='bbox 743 2673 918 2742; x_wconf 86' lang='lat' dir='ltr'><em>meridiem</em></span> <span class='ocrx_word' id='word_1_150' title='bbox 939 2672 1092 2740; x_wconf 75' lang='lat' dir='ltr'><em>manime</em></span> <span class='ocrx_word' id='word_1_151' title='bbox 1114 2679 1177 2740; x_wconf 81' lang='lat' dir='ltr'><em>ab&#39;r</em></span> <span class='ocrx_word' id='word_1_152' title='bbox 1199 2681 1291 2738; x_wconf 90' lang='lat' dir='ltr'><em>tran·</em></span> 
     </span>
     <span class='ocr_line' id='line_1_24' title="bbox 283 2770 1289 2872; baseline -0.006 -27"><span class='ocrx_word' id='word_1_153' title='bbox 283 2778 407 2872; x_wconf 79' lang='lat' dir='ltr'><em>quillus</em></span> <span class='ocrx_word' id='word_1_154' title='bbox 429 2801 506 2846; x_wconf 86' lang='lat' dir='ltr'><em>esse</em></span> <span class='ocrx_word' id='word_1_155' title='bbox 527 2780 642 2847; x_wconf 85' lang='lat' dir='ltr'><em>salet?</em></span> <span class='ocrx_word' id='word_1_156' title='bbox 686 2778 874 2865; x_wconf 85' lang='lat' dir='ltr'><em>Fortasse,</em></span> <span class='ocrx_word' id='word_1_157' title='bbox 903 2770 1089 2870; x_wconf 75' lang='lat' dir='ltr'><em>respondet,</em></span> <span class='ocrx_word' id='word_1_158' title='bbox 1112 2774 1193 2863; x_wconf 83' lang='lat' dir='ltr'><em>quia</em></span> <span class='ocrx_word' id='word_1_159' title='bbox 1214 2798 1289 2840; x_wconf 90' lang='lat' dir='ltr'><em>ma-</em></span> 
     </span>
     <span class='ocr_line' id='line_1_25' title="bbox 284 2878 1290 2977; baseline -0.004 -28"><span class='ocrx_word' id='word_1_160' title='bbox 284 2884 375 2950; x_wconf 87' lang='lat' dir='ltr'><em>lacia</em></span> <span class='ocrx_word' id='word_1_161' title='bbox 397 2883 485 2950; x_wconf 76' lang='lat' dir='ltr'><em>aiir‘s</em></span> <span class='ocrx_word' id='word_1_162' title='bbox 506 2893 561 2951; x_wconf 87' lang='lat' dir='ltr'><em>est</em></span> <span class='ocrx_word' id='word_1_163' title='bbox 582 2883 686 2977; x_wconf 88' lang='lat' dir='ltr'><em>quies,</em></span> <span class='ocrx_word' id='word_1_164' title='bbox 709 2907 799 2975; x_wconf 83' lang='lat' dir='ltr'><em>quae</em></span> <span class='ocrx_word' id='word_1_165' title='bbox 820 2893 891 2950; x_wconf 92' lang='lat' dir='ltr'><em>tum</em></span> <span class='ocrx_word' id='word_1_166' title='bbox 909 2880 1048 2950; x_wconf 86' lang='lat' dir='ltr'><em>oboriri</em></span> <span class='ocrx_word' id='word_1_167' title='bbox 1066 2878 1161 2966; x_wconf 89' lang='lat' dir='ltr'><em>solet,</em></span> <span class='ocrx_word' id='word_1_168' title='bbox 1183 2903 1290 2972; x_wconf 88' lang='lat' dir='ltr'><em>quan-</em></span> 
     </span>
    </p>
   </div>
   <div class='ocr_carea' id='block_1_7' title="bbox 353 3169 1288 3331">
    <p class='ocr_par' dir='ltr' id='par_1_8' title="bbox 353 3169 1288 3331">
     <span class='ocr_line' id='line_1_26' title="bbox 359 3169 1288 3243; baseline -0.006 -17"><span class='ocrx_word' id='word_1_169' title='bbox 359 3179 495 3243; x_wconf 85' lang='lat' dir='ltr'><em>Tempore</em></span> <span class='ocrx_word' id='word_1_170' title='bbox 518 3176 592 3228; x_wconf 87' lang='lat' dir='ltr'><em>enim</em></span> <span class='ocrx_word' id='word_1_171' title='bbox 615 3171 715 3228; x_wconf 79' lang='lat' dir='ltr'><em>hiemis</em></span> <span class='ocrx_word' id='word_1_172' title='bbox 738 3169 850 3224; x_wconf 88' lang='lat' dir='ltr'><em>obortus</em></span> <span class='ocrx_word' id='word_1_173' title='bbox 874 3184 955 3223; x_wconf 84' lang='lat' dir='ltr'><em>mars</em></span> <span class='ocrx_word' id='word_1_174' title='bbox 984 3179 1011 3222; x_wconf 85' lang='lat' dir='ltr'><em>et</em></span> <span class='ocrx_word' id='word_1_175' title='bbox 1039 3179 1132 3224; x_wconf 81' lang='lat' dir='ltr'><em>terras</em></span> <span class='ocrx_word' id='word_1_176' title='bbox 1155 3171 1238 3240; x_wconf 85' lang='lat' dir='ltr'><em>aquis</em></span> <span class='ocrx_word' id='word_1_177' title='bbox 1261 3177 1288 3220; x_wconf 85' lang='lat' dir='ltr'><em>et</em></span> 
     </span>
     <span class='ocr_line' id='line_1_27' title="bbox 353 3257 1201 3331; baseline -0.005 -17"><span class='ocrx_word' id='word_1_178' title='bbox 353 3260 559 3331; x_wconf 79' lang='lat' dir='ltr'><em>tempestatibus</em></span> <span class='ocrx_word' id='word_1_179' title='bbox 577 3261 683 3316; x_wconf 84' lang='lat' dir='ltr'><em>turbat.</em></span> <span class='ocrx_word' id='word_1_180' title='bbox 702 3257 739 3312; x_wconf 80' lang='lat' dir='ltr'><em>ct.</em></span> <span class='ocrx_word' id='word_1_181' title='bbox 757 3257 882 3312; x_wconf 83' lang='lat' dir='ltr'><em>Manil.</em></span> <span class='ocrx_word' id='word_1_182' title='bbox 900 3260 1091 3311; x_wconf 81' lang='lat' dir='ltr'><em>Astronomic.</em></span> <span class='ocrx_word' id='word_1_183' title='bbox 1102 3259 1139 3323; x_wconf 88' lang='lat' dir='ltr'><em>V,</em></span> <span class='ocrx_word' id='word_1_184' title='bbox 1157 3263 1201 3318; x_wconf 83' lang='grc'><em>59.</em></span> 
     </span>
    </p>
   </div>
   <div class='ocr_carea' id='block_1_8' title="bbox 283 3345 1370 3897">
    <p class='ocr_par' dir='ltr' id='par_1_9' title="bbox 301 3345 1291 3618">
     <span class='ocr_line' id='line_1_28' title="bbox 301 3345 1287 3448; baseline -0.008 -26"><span class='ocrx_word' id='word_1_185' title='bbox 301 3373 330 3440; x_wconf 88' lang='lat'><em>8)</em></span> <span class='ocrx_word' id='word_1_186' title='bbox 354 3371 460 3448; x_wconf 63' lang='lat' dir='ltr'><em>ilistor.</em></span> <span class='ocrx_word' id='word_1_187' title='bbox 478 3379 537 3422; x_wconf 87' lang='lat' dir='ltr'><em>nat.</em></span> <span class='ocrx_word' id='word_1_188' title='bbox 557 3370 592 3436; x_wconf 86' lang='lat'><em>11,</em></span> <span class='ocrx_word' id='word_1_189' title='bbox 611 3365 661 3433; x_wconf 75' lang='lat' dir='ltr'><em>lt,</em></span> <span class='ocrx_word' id='word_1_190' title='bbox 685 3345 736 3438; x_wconf 87' lang='lat' dir='ltr'><em>qui</em></span> <span class='ocrx_word' id='word_1_191' title='bbox 761 3363 830 3417; x_wconf 86' lang='lat' dir='ltr'><em>haec</em></span> <span class='ocrx_word' id='word_1_192' title='bbox 849 3381 886 3417; x_wconf 81' lang='lat' dir='ltr'><em>ex</em></span> <span class='ocrx_word' id='word_1_193' title='bbox 905 3362 1115 3422; x_wconf 81' lang='lat' dir='ltr'><em>Aristotele</em></span> <span class='ocrx_word' id='word_1_194' title='bbox 1133 3357 1287 3430; x_wconf 81' lang='lat' dir='ltr'><em>exscripsit</em></span> 
     </span>
     <span class='ocr_line' id='line_1_29' title="bbox 354 3446 1291 3526; baseline -0.011 -16"><span class='ocrx_word' id='word_1_195' title='bbox 354 3454 449 3510; x_wconf 81' lang='lat' dir='ltr'><em>Probt.</em></span> <span class='ocrx_word' id='word_1_196' title='bbox 462 3456 572 3524; x_wconf 82' lang='lat' dir='ltr'>XXVI,</span> <span class='ocrx_word' id='word_1_197' title='bbox 591 3463 636 3512; x_wconf 83' lang='grc'><em>31.</em></span> <span class='ocrx_word' id='word_1_198' title='bbox 654 3471 683 3526; x_wconf 87' lang='lat' dir='ltr'><em>p.</em></span> <span class='ocrx_word' id='word_1_199' title='bbox 693 3447 756 3518; x_wconf 70' lang='grc'><strong>9113,</strong></span> <span class='ocrx_word' id='word_1_200' title='bbox 776 3447 805 3516; x_wconf 90' lang='lat' dir='ltr'><em>b,</em></span> <span class='ocrx_word' id='word_1_201' title='bbox 822 3449 901 3518; x_wconf 65' lang='lat' dir='ltr'><em>xuncle</em></span> <span class='ocrx_word' id='word_1_202' title='bbox 920 3450 1006 3506; x_wconf 83' lang='lat' dir='ltr'><em>etiam</em></span> <span class='ocrx_word' id='word_1_203' title='bbox 1023 3446 1139 3518; x_wconf 83' lang='lat' dir='ltr'><em>repetita</em></span> <span class='ocrx_word' id='word_1_204' title='bbox 1157 3449 1291 3519; x_wconf 84' lang='lat' dir='ltr'><em>leguntur</em></span> 
     </span>
     <span class='ocr_line' id='line_1_30' title="bbox 353 3537 1166 3618; baseline -0.014 -20"><span class='ocrx_word' id='word_1_205' title='bbox 353 3543 430 3618; x_wconf 85' lang='lat' dir='ltr'><em>apud</em></span> <span class='ocrx_word' id='word_1_206' title='bbox 449 3539 744 3614; x_wconf 78' lang='lat' dir='ltr'><em>Theophrastum</em></span> <span class='ocrx_word' id='word_1_207' title='bbox 764 3537 798 3594; x_wconf 86' lang='lat' dir='ltr'><em>de</em></span> <span class='ocrx_word' id='word_1_208' title='bbox 816 3549 888 3593; x_wconf 84' lang='lat' dir='ltr'><em>vent.</em></span> <span class='ocrx_word' id='word_1_209' title='bbox 909 3543 986 3609; x_wconf 63' lang='lat'><em>§.52</em></span> <span class='ocrx_word' id='word_1_210' title='bbox 1003 3553 1045 3607; x_wconf 82' lang='lat' dir='ltr'><em>sq·</em></span> <span class='ocrx_word' id='word_1_211' title='bbox 1064 3538 1166 3604; x_wconf 59' lang='lat' dir='ltr'><em>pute.</em></span> 
     </span>
    </p>

    <p class='ocr_par' dir='ltr' id='par_1_10' title="bbox 283 3641 1370 3897">
     <span class='ocr_line' id='line_1_31' title="bbox 283 3641 1370 3722; baseline -0.016 -15"><span class='ocrx_word' id='word_1_212' title='bbox 283 3653 332 3722; x_wconf 68' lang='grc' dir='ltr'><em>ἰ9)</em></span> <span class='ocrx_word' id='word_1_213' title='bbox 357 3651 505 3721; x_wconf 79' lang='lat' dir='ltr'><em>Slildrtng</em></span> <span class='ocrx_word' id='word_1_214' title='bbox 522 3646 724 3719; x_wconf 28' lang='lat' dir='ltr'><em>aflVeirligets</em></span> <span class='ocrx_word' id='word_1_215' title='bbox 745 3645 876 3700; x_wconf 68' lang='lat' dir='ltr'><em>iilstond</em></span> <span class='ocrx_word' id='word_1_216' title='bbox 899 3641 1085 3698; x_wconf 81' lang='lat' dir='ltr'><em>iDanmarls.</em></span> <span class='ocrx_word' id='word_1_217' title='bbox 1129 3642 1290 3716; x_wconf 80' lang='lat' dir='ltr'><em>Gopenheg.</em></span> <span class='ocrx_word' id='word_1_218' title='bbox 1368 3667 1370 3674; x_wconf 33' lang='grc' dir='ltr'><strong><em>ι</em></strong></span> 
     </span>
     <span class='ocr_line' id='line_1_32' title="bbox 354 3730 1290 3808; baseline -0.012 -14"><span class='ocrx_word' id='word_1_219' title='bbox 354 3739 443 3795; x_wconf 75' lang='grc' dir='ltr'><em>1826.Ι</em></span> <span class='ocrx_word' id='word_1_220' title='bbox 459 3746 485 3794; x_wconf 88' lang='grc'><em>8.</em></span> <span class='ocrx_word' id='word_1_221' title='bbox 514 3753 544 3808; x_wconf 80' lang='grc' dir='ltr'><em>Ρ.</em></span> <span class='ocrx_word' id='word_1_222' title='bbox 561 3739 621 3795; x_wconf 79' lang='lat'><em>172.</em></span> <span class='ocrx_word' id='word_1_223' title='bbox 649 3752 712 3808; x_wconf 85' lang='lat' dir='ltr'><em>sqq.</em></span> <span class='ocrx_word' id='word_1_224' title='bbox 742 3733 876 3806; x_wconf 79' lang='lat' dir='ltr'><em>Beitrc&#39;ige</em></span> <span class='ocrx_word' id='word_1_225' title='bbox 906 3749 957 3787; x_wconf 82' lang='lat' dir='ltr'><em>zur</em></span> <span class='ocrx_word' id='word_1_226' title='bbox 979 3731 1067 3800; x_wconf 62' lang='lat' dir='ltr'><em>vergi.</em></span> <span class='ocrx_word' id='word_1_227' title='bbox 1093 3730 1290 3801; x_wconf 78' lang='lat' dir='ltr'><em>climatologie.</em></span> 
     </span>
     <span class='ocr_line' id='line_1_33' title="bbox 354 3812 1200 3897; baseline -0.014 -16"><span class='ocrx_word' id='word_1_228' title='bbox 354 3824 520 3897; x_wconf 82' lang='lat' dir='ltr'><em>Gopenhag.</em></span> <span class='ocrx_word' id='word_1_229' title='bbox 531 3829 608 3883; x_wconf 72' lang='lat'><strong>1827.</strong></span> <span class='ocrx_word' id='word_1_230' title='bbox 627 3823 693 3878; x_wconf 83' lang='lat' dir='ltr'><em>s.1.</em></span> <span class='ocrx_word' id='word_1_231' title='bbox 713 3839 741 3894; x_wconf 86' lang='lat' dir='ltr'><em>p.</em></span> <span class='ocrx_word' id='word_1_232' title='bbox 752 3821 797 3881; x_wconf 77' lang='lat' dir='ltr'><em>ot.</em></span> <span class='ocrx_word' id='word_1_233' title='bbox 832 3819 949 3876; x_wconf 78' lang='lat' dir='ltr'><em>Herma.</em></span> <span class='ocrx_word' id='word_1_234' title='bbox 959 3820 998 3870; x_wconf 87' lang='lat' dir='ltr'><em>X.</em></span> <span class='ocrx_word' id='word_1_235' title='bbox 1018 3812 1118 3890; x_wconf 74' lang='lat' dir='ltr'><em>pslb.</em></span> <span class='ocrx_word' id='word_1_236' title='bbox 1136 3833 1200 3890; x_wconf 85' lang='lat' dir='ltr'><em>sqq.</em></span> 
     </span>
    </p>
   </div>
   <div class='ocr_carea' id='block_1_9' title="bbox 284 3915 1292 4086">
    <p class='ocr_par' dir='ltr' id='par_1_11' title="bbox 284 3915 1292 4086">
     <span class='ocr_line' id='line_1_34' title="bbox 284 3915 1292 3999; baseline -0.011 -12"><span class='ocrx_word' id='word_1_237' title='bbox 284 3933 331 3999; x_wconf 75' lang='lat' dir='ltr'><em>co)</em></span> <span class='ocrx_word' id='word_1_238' title='bbox 355 3915 598 3994; x_wconf 65' lang='lat' dir='ltr'><em>rroere&#39;mmxv,</em></span> <span class='ocrx_word' id='word_1_239' title='bbox 617 3925 644 3984; x_wconf 82' lang='lat' dir='ltr'><em>t.</em></span> <span class='ocrx_word' id='word_1_240' title='bbox 663 3934 762 3999; x_wconf 61' lang='lat' dir='ltr'><em>pose,</em></span> <span class='ocrx_word' id='word_1_241' title='bbox 782 3942 808 3982; x_wconf 79' lang='lat' dir='ltr'><em>a.</em></span> <span class='ocrx_word' id='word_1_242' title='bbox 845 3923 901 3983; x_wconf 79' lang='lat' dir='ltr'><em>cn.</em></span> <span class='ocrx_word' id='word_1_243' title='bbox 920 3917 1292 3996; x_wconf 72' lang='lat' dir='ltr'><em>imprimiss‘ieberneue</em></span> 
     </span>
     <span class='ocr_line' id='line_1_35' title="bbox 353 4017 774 4086; baseline -0.002 -15"><span class='ocrx_word' id='word_1_244' title='bbox 353 4020 431 4074; x_wconf 78' lang='lat' dir='ltr'><em>nach</em></span> <span class='ocrx_word' id='word_1_245' title='bbox 449 4025 536 4072; x_wconf 77' lang='lat' dir='ltr'><em>Krete</em></span> <span class='ocrx_word' id='word_1_246' title='bbox 547 4018 622 4072; x_wconf 67' lang='lat' dir='ltr'><strong>¹v01.</strong></span> <span class='ocrx_word' id='word_1_247' title='bbox 634 4017 656 4069; x_wconf 90' lang='lat'><em>1.</em></span> <span class='ocrx_word' id='word_1_248' title='bbox 675 4019 774 4086; x_wconf 66' lang='lat' dir='ltr'><em>pm</em></span> 
     </span>
    </p>
   </div>
   <div class='ocr_carea' id='block_1_10' title="bbox 0 0 1430 4730">
    <p class='ocr_par' dir='ltr' id='par_1_12' title="bbox 0 0 1430 4730">
     <span class='ocr_line' id='line_1_36' title="bbox 0 0 1430 4730; baseline 0 2"><span class='ocrx_word' id='word_1_249' title='bbox 0 0 1430 4730; x_wconf 95' lang='lat' dir='ltr'><em> </em></span> 
     </span>
    </p>
   </div>
  </div>
 </body>
</html>
