2824 4746
284 299 349 368 rot
603 295 970 365 Metcoromantiu.

282 473 427 572 perlectis
457 471 558 568 quivis
584 471 718 542 istorum
747 471 870 542 desinet
899 471 1096 566 praedicere,
1126 473 1237 566 quales
1256 489 1284 542 et

283 601 346 672 qua
367 577 419 646 die
441 593 588 646 venturas
603 599 704 646 annus
724 576 886 646 adlaturus
909 577 951 644 sit
971 591 1185 669 tempestates,
1211 602 1284 671 qua-

281 681 306 750 li
332 682 414 752 coeli
435 697 519 752 statu
540 682 618 753 haec
640 680 691 752 vel
718 680 775 750 illa
804 695 957 750 terrarum
984 681 1073 772 regio
1095 697 1180 750 certo
1208 706 1285 776 quo-

282 787 357 858 dam
378 803 520 880 tempore
535 785 576 856 sit
597 786 762 880 gavisura:
799 784 866 855 eius
889 785 975 855 modi
996 785 1081 854 enim
1103 786 1211 854 omnia
1233 811 1286 854 va·

283 916 328 962 na
359 917 431 962 esse
467 909 661 976 commenta,
696 892 782 988 quod
814 892 930 961 dudum
968 889 1153 984 eruditiores
1184 915 1287 984 neque

283 1021 413 1094 prorsus
435 996 557 1066 hebetis
579 995 698 1090 ingenii
719 993 864 1066 homines
885 994 1111 1082 intellexerunt,
1135 995 1196 1064 sibi
1218 1021 1288 1090 per·

283 1127 409 1171 suasum
430 1100 569 1170 habebit.

367 1205 466 1297 Signa
480 1203 675 1299 tempestatis
687 1231 725 1274 ex
735 1203 911 1298 fulguribus
922 1221 954 1274 et
967 1204 1143 1274 tonitrubus
1158 1203 1286 1272 Theo-

281 1309 522 1406 phrastus¹')
546 1307 624 1378 haec
645 1325 804 1379 recenset:
844 1308 1004 1380 Touitrua
1029 1310 1161 1380 hiberna
1181 1324 1283 1376 matu·

283 1416 349 1484 tino
383 1430 528 1508 tempore
559 1413 661 1505 magis
694 1428 822 1498 ventos,
858 1437 954 1507 quam
984 1414 1102 1483 imbres
1132 1413 1284 1494 nuntiare,

283 1541 384 1614 aquas
406 1542 481 1588 vero
502 1534 636 1604 aestate,
664 1517 717 1586 ubi
739 1517 915 1586 meridiano
939 1535 971 1587 et
998 1519 1177 1613 vespertino
1205 1533 1283 1585 tem-

282 1649 361 1720 pore
391 1622 564 1693 audiantur.
609 1623 748 1712 Quando
782 1649 822 1694 ex
853 1623 1000 1692 omnibus
1031 1622 1110 1692 caeli
1146 1623 1287 1716 partibus

281 1730 433 1822 fulguret,
466 1727 592 1824 pluviae
614 1743 645 1795 et
667 1728 751 1796 venti
774 1727 899 1819 signnm
923 1753 1011 1811 esse,
1042 1754 1100 1796 nec
1127 1729 1230 1796 minus
1258 1729 1286 1794 si

283 1859 425 1929 vespere.
471 1833 611 1922 Quando
641 1830 736 1901 flaute
758 1849 865 1902 austro
888 1833 971 1903 circa
992 1831 1160 1902 diluculum
1182 1830 1286 1922 fulgu-

283 1954 349 2020 ret,
379 1937 420 2006 ab
442 1952 551 2006 austro
573 1935 707 2006 imbrem
733 1937 922 2030 portendere
948 1937 1087 2030 fulgura,
1117 1936 1244 2032 quando
1266 1959 1287 2002 a

284 2041 413 2109 favonio
430 2035 484 2108 aut
496 2039 653 2133 aquilone,
664 2040 737 2109 hinc
748 2040 886 2112 futuram
899 2058 1207 2134 essetempestatem.
1222 2044 1287 2110 Ae·
1401 2033 1402 2044 ¹

283 2143 365 2212 stiva
395 2143 521 2260 fulgu?
551 2143 608 2210 sub
635 2169 763 2238 vespere
787 2163 840 2213 aut
861 2146 964 2213 statim
987 2162 1047 2219 aut.
1070 2146 1174 2212 triduo
1205 2162 1283 2238 post

280 2249 398 2318 imbres
421 2245 620 2332 denuntiare,
651 2264 811 2336 autumno,
845 2249 932 2319 siah
963 2247 1107 2342 aquilone
1136 2248 1283 2339 fulguret,

280 2350 507 2447 exspectandas
530 2375 600 2420 esse
623 2350 815 2446 pluvias¹⁸).

332 2507 335 2512 -
368 2458 484 2526 lridcm
506 2472 655 2525 venturae
676 2457 801 2552 pluviae
820 2459 946 2554 signum
968 2483 1038 2528 esse
1060 2475 1179 2528 veteres
1201 2459 1285 2526 arli-

281 2562 445 2634 trabantur
484 2577 517 2630 et
553 2563 674 2658 primus
711 2564 852 2632 omnium
884 2563 920 2630 H
929 2589 1078 2634 omerus
1094 2567 1151 2650 ¹¹).
1206 2563 1284 2631 lude

282 2667 556 2753 Tibullus¹⁸):

329 2773 497 2866 Quamvis
515 2781 726 2861 praeterens
745 2773 848 2862 picea
871 2774 1016 2866 caligine
1039 2775 1173 2842 coelum

370 2879 558 2946 Venturam
579 2876 743 2944 admittat
763 2877 919 2971 imbrffer
942 2903 1046 2947 arcus
1069 2902 1206 2972 uquam.

281 2997 313 3050 et
336 2982 579 3071 Ovifldius¹²>=
884 3065 887 3072 ,

328 3084 485 3173 Concipit
508 3109 608 3153 orcus
631 3089 796 3180 aquos²⁰)
820 3115 861 3137 -u
884 3129 926 3142 -

282 3379 329 3448 15>
352 3381 394 3431 De
412 3375 484 3448 sign.
501 3376 551 3444 1v,
569 3383 614 3433 21.

281 3485 327 3553 16)
352 3482 409 3540 otc.
428 3483 465 3550 11,
484 3485 511 3542 7.

281 3593 328 3658 17)
351 3587 436 3644 rttad.
455 3591 548 3656 xvlt,
567 3585 628 3650 517.

282 3695 331 3767 18)
353 3697 432 3766 meg.
451 3696 474 3762 I,
493 3691 519 3762 l,
537 3691 581 3752 13.

279 3803 326 3870 19)
351 3806 471 3856 Metam.
489 3801 512 3867 1,
531 3804 592 3862 271.

282 3909 329 3975 20)
357 3905 440 3962 Adde
460 3906 706 3977 Theophrast.
726 3907 762 3963 de
779 3911 853 3980 sign·
862 3910 882 3974 1,
893 3915 963 3972 227
978 3927 1007 3981 p.
1018 3919 1067 3969 88:
1085 3905 1150 3966 ὅταν
1170 3905 1224 3978 ἶρις
1242 3895 1286 3981 {d-

349 4011 450 4061 νηται,
472 3987 545 4065 iidorp
568 3997 703 4064 σημαίνει·
729 3992 777 4050 ἐάν
804 4015 834 4048 τε
851 3995 949 4050 πολλαὶ
967 3995 1053 4066 ἴριδες
1069 4001 1198 4070 γίνωνται
1216 3993 1286 4070 ὕδωρ
