2824 4746
195 369 199 386 ,
313 360 316 369 1
430 305 755 374 mutationibus.
1033 315 1096 386 227

85 482 228 554 dioribus
259 479 377 550 telluris
398 479 579 574 regionibus
602 483 853 574 repetendum,
878 485 947 554 sive
969 487 1088 572 Asiam,

82 588 149 656 sive
173 583 368 668 Africam),
397 584 463 653 sive
486 583 622 677 denique
643 583 764 654 insulas
787 585 927 672 Indicas,
960 589 1088 687 Tapro-

81 691 187 760 banen
209 687 327 768 aliasve
349 685 537 757 incunabula
553 711 623 756 esse
637 704 812 783 putamus·
841 689 909 780 Qui
930 691 1025 783 igitur
1047 697 1089 764 ad

80 792 341 888 septentrionales
363 793 507 883 regiones
530 793 744 880 tetenderunt,
777 796 877 863 donec
897 793 1010 863 horum
1039 795 1089 864 lo-

78 923 194 976 corum
211 895 381 966 maioribus
402 895 569 988 frigoribus
591 897 827 982 ademissent,
863 923 900 966 ea
922 925 993 968 cum
1015 901 1088 969 reli·
1164 949 1167 958 ,
1194 963 1199 977 ,

78 1019 202 1072 ctarum
231 1001 394 1096 regionum
419 1001 569 1094 temperie
599 1017 831 1095 comparantes,
853 1029 920 1072 nan
941 1002 1080 1090 laudare,

77 1107 256 1201 vituperare
293 1097 413 1174 tautum
446 1119 624 1198 potuerunt.
681 1106 748 1196 Qui
781 1107 899 1200 primus
939 1135 975 1177 cx
1009 1109 1087 1180 Asia

75 1211 248 1280 Graeciam
278 1209 382 1304 petiit,
411 1225 511 1279 terrae
542 1209 679 1279 calorem
714 1209 855 1304 profecto
882 1236 948 1279 nan
979 1209 1086 1281 lau'eia·
1172 1274 1174 1283 .

76 1315 136 1398 rit;
175 1314 283 1384 mitius
313 1341 383 1385 cum
411 1313 532 1384 caelum
553 1314 587 1382 in
608 1313 746 1384 Graecia
775 1339 888 1406 magna
920 1331 950 1383 ct
973 1315 1085 1384 Sicilia
1112 1395 1120 1420 Ι

75 1419 238 1512 reperiret,
254 1418 312 1488 has
328 1433 428 1488 terras
445 1418 600 1488 Graeciae
615 1417 800 1488 antecellere
815 1441 1002 1512 persuasum
1024 1420 1085 1489 sibi

75 1519 229 1605 habebat3
267 1523 443 1593 divitiarum
465 1522 569 1607 Asiae,
599 1521 726 1591 Africae
755 1537 786 1590 et
814 1523 923 1590 Italiae
951 1547 1083 1609 mernor,

75 1623 269 1696 Germaniae
302 1628 506 1721 asperitatem
539 1625 648 1693 incolis
681 1650 747 1692 non
780 1625 948 1694 inridebat.
1004 1627 1083 1695 Inde

74 1729 245 1802 Tacitus
259 1732 302 1810 ⁸):
336 1727 433 1818 *Quis
450 1737 596 1816 practer
600 1729 760 1816 pericula
774 1727 909 1795 horridi
920 1738 954 1794 ei
976 1729 1088 1818 ignoti

73 1835 194 1917 maris,
222 1835 310 1902 Asia
332 1845 395 1902 aut
416 1829 542 1922 Africa
564 1841 627 1896 aut
648 1831 755 1899 Italia
776 1832 905 1916 relicta,
937 1831 1081 1900 Germa-

72 1938 167 2006 niam
186 1948 327 2028 pataret,
350 1937 531 2027 infhrmam
554 1936 668 2017 terrm,
693 1959 850 2024 asperam
874 1935 988 2020 cacia,
1021 1935 1082 2002 iri·

74 2053 164 2109 stem
195 2041 298 2108 cultu
312 2042 550 2132 adspectnque,
572 2040 642 2107 m‘si
660 2040 694 2106 si
707 2040 831 2130 patria
853 2040 921 2109 sit?
962 2035 1078 2109 Audia'-

72 2161 119 2213 tur
152 2142 237 2214 enim
268 2146 307 2220 de
337 2135 483 2212 laudibus
515 2143 612 2210 Asiae
640 2141 786 2212 Cicero
801 2147 845 2224 '):
889 2143 979 2212 Asia
1009 2155 1080 2212 tam

73 2253 190 2340 opima
223 2259 277 2317 cst
308 2259 343 2317 a
359 2247 512 2342 flatilis,
542 2255 580 2314 at
605 2257 638 2314 et
668 2248 826 2316 ubertate
857 2273 1016 2338 agnarum
1047 2261 1081 2316 at

74 2355 240 2422 varietate
248 2354 436 2446 fructuum
456 2361 492 2420 at
508 2350 737 2442 magnitudine
748 2351 923 2439 pasa‘onis
946 2361 981 2417 ct
995 2352 1078 2418 mal-

71 2459 216 2527 titudine
238 2481 357 2526 aarum
378 2465 498 2538 rernm,
521 2475 610 2545 quaa
625 2463 860 2542 exportantur,
871 2453 988 2544 facile
1010 2477 1078 2518 om-

71 2563 167 2632 nibns
192 2563 292 2631 terris
315 2560 518 2644 antecellat,
542 2597 584 2611 -
608 2557 646 2624 dc
670 2555 776 2624 Africa
799 2553 1001 2626 Horatius
1019 2559 1075 2643 ¹·)‚

71 2691 139 2738 cum
162 2667 264 2738 dicat:
1038 2655 1039 2660 ἵ

200 2770 384 2838 Frumenti
413 2779 578 2860 quantum
609 2765 708 2836 metit
736 2762 878 2855 Africa,

74 2891 124 2944 aut
152 2873 445 2951 Martialis¹¹)=

199 2979 385 3048 Possideat
419 2978 565 3070 Libycas
599 2997 744 3058 messes,

75 3099 125 3151 aut
159 3085 328 3168 Seneca,
363 3082 446 3152 cuius
468 3079 544 3150 haec
567 3095 639 3150 sunt
660 3079 757 3150 verba
779 3079 813 3148 iu
836 3076 993 3171 Thyeste:

76 3284 281 3298 w

89 3408 116 3475 7)
141 3401 235 3462 Link
257 3406 357 3460 Urweli
379 3403 440 3458 unci
456 3404 611 3458 Aitmirum
629 3405 664 3455 11.
684 3419 713 3472 p.
723 3401 758 3456 65
778 3415 840 3472 sqq.

90 3530 116 3596 8)
144 3533 272 3584 German.
290 3534 353 3583 ολ.

87 3653 116 3716 9)
139 3658 194 3706 Pro
212 3652 271 3720 lege
289 3653 425 3706 Manilia.
442 3650 504 3706 0.6·
525 3652 550 3717 §-
561 3647 603 3704 1¹¹1.

74 3773 116 3839 10)
139 3777 197 3827 Sal.
216 3775 250 3843 11,
270 3782 295 3841 3,
316 3777 360 3834 87.

77 3899 119 3964 11)
143 3898 241 3969 npegr.
260 3877 310 3964 VJ,
329 3897 371 3952 86.
