2824 4746
446 323 764 396 mutationibus.
1051 335 1116 394 225

98 520 169 572 tem
192 491 476 592 elinguandam,
507 523 558 567 res
581 498 708 569 venales
736 517 767 570 et
796 539 838 556 «-
866 502 1002 592 regionis
1031 518 1108 586 teni·

99 605 234 702 perlem.
277 604 354 672 lude
387 603 541 700 explices,
570 604 654 699 quod
683 603 790 699 opinio
813 604 978 674 invaluerit
1003 606 1109 676 medio

98 733 181 780 aevo
204 707 370 778 calidiores
391 705 490 776 luisse
513 732 561 775 ex.
584 733 631 800 gr.
656 705 860 778 Germaniam
883 720 914 775 et
936 706 1012 801 polo
1034 735 1108 804 pro-

99 814 212 910 piores
233 812 390 905 regiones,
413 811 452 880 de
476 834 539 904 qua
561 812 589 880 si
611 837 693 882 nune
714 811 792 880 nihil
814 833 989 895 monemus,
1012 836 1110 882 causa

99 933 162 1004 est,
191 917 266 1012 quis
285 940 360 986 mox
383 916 423 984 de
445 939 482 984 ea
505 915 659 984 ubenime
682 916 781 985 acturi
809 938 927 984 sumus.
972 915 1108 986 Monea-

1 1017 2 1052 ³
97 1045 172 1090 mus
193 1035 298 1090 autem
320 1018 489 1089 eiusmodi
511 1019 656 1115 querelas
674 1021 742 1088 iarn
765 1019 888 1089 auditas
911 1043 982 1090 esse
1005 1037 1108 1092 aetam

1 1125 2 1210 J
98 1123 416 1208 Columellac¹),
454 1123 507 1220 qui
529 1125 621 1194 dicit:
670 1124 922 1213 Saepenumero
957 1126 1108 1194 ciuitatis

97 1239 239 1298 nostrae
268 1228 443 1318 principes
474 1229 576 1297 audio
608 1228 786 1317 culpantes
813 1229 913 1296 modo
944 1253 1109 1320 agrorum

95 1330 408 1420 infirecunditotem,
439 1332 538 1402 modo
563 1331 655 1400 caeli
667 1354 734 1420 per
756 1331 866 1398 multa
886 1332 956 1399 iem
979 1343 1107 1424 tempo-

95 1461 143 1512 ru
163 1434 307 1504 nuaram
316 1435 483 1531 frugibus
515 1433 764 1534 intemperiem:
801 1435 968 1527 quosdam
1002 1439 1106 1506 etiam

91 1539 298 1630 praedictas
332 1541 562 1633 querimonias
599 1540 689 1606 uelut
722 1539 853 1608 ratione
890 1549 986 1605 certa
1020 1541 1105 1610 miti-

1 1679 2 1698 1
92 1655 227 1734 gentes,
251 1646 345 1736 qnod
364 1645 570 1724 existiment,
594 1642 749 1708 ubertate
767 1640 1014 1729 nimiapriaris
1031 1645 1111 1711 aeoi

1 1779 2 1788 ¹
95 1747 324 1840 defatigatum
346 1757 381 1815 et
403 1747 570 1839 effectum
591 1744 702 1811 solum
717 1743 855 1834 nequire
871 1743 1025 1833 pristina
1048 1745 1102 1813 be·

1 1909 2 1940 r
94 1852 264 1944 nr‘gnitute
282 1849 454 1941 praebere
466 1847 679 1918 'mortalibus
699 1846 873 1914 elimenta.
923 1847 1025 1936 Quos
1041 1872 1102 1940 ego

1 1965 2 2042 ᾗ
94 1979 226 2024 causas
250 1995 291 2008 -
313 1955 440 2041 procul
464 1979 487 2021 a
516 1954 662 2021 ueritate
685 1950 808 2019 abesse
831 1959 960 2016 certum
981 1949 1102 2036 habeo,

1 2087 2 2092 ¹
93 2058 189 2152 quod
208 2079 315 2148 neque
332 2058 394 2143 sas
411 2059 629 2137 existimare,
661 2075 771 2122 rerum
792 2063 968 2138 naturam,
1000 2079 1102 2148 quam

87 2161 224 2252 primus
247 2161 305 2228 ille
326 2162 446 2264 mundi
452 2161 588 2253 genitor
600 2168 770 2249 perpetua
779 2158 1027 2250 foecunditate
1043 2162 1100 2230 do·

91 2263 201 2348 auoit,
235 2267 338 2355 quusi
366 2267 514 2358 quodam
547 2264 661 2332 morbo
696 2261 880 2330 sterilitate
915 2263 1101 2355 assertam:

90 2373 200 2462 neque
222 2369 404 2458 prudentis
435 2370 589 2448 credere,
626 2367 797 2446 tellurem,
834 2388 924 2454 quae
952 2368 1101 2436 divinam

91 2483 128 2540 et
152 2483 332 2540 aeternam
358 2473 528 2542 iuventam
558 2471 702 2553 sortita,
733 2467 918 2536 communis
951 2471 1099 2540 omnium

86 2601 214 2668 paruas
238 2578 334 2646 dicta
355 2575 411 2660 sit,
441 2578 523 2668 quia
544 2587 580 2645 et
599 2585 723 2645 cuncta
739 2573 878 2663 peperit
908 2597 1045 2667 semper
1068 2588 1102 2644 et

91 2683 251 2772 deinceps
258 2679 422 2770 paritura
433 2682 489 2765 sit,
509 2683 599 2750 velut
614 2679 781 2748 hominem
796 2673 1025 2763 consenuisse,
1036 2703 1099 2746 nec

84 2786 267 2876 posthaec
278 2785 633 2872 reorr'ntemperantia
652 2784 847 2856 reclinabis
865 2783 944 2864 ute,
956 2782 1022 2848 sed
1037 2806 1096 2848 no-

88 2901 161 2958 stru
173 2890 291 2978 patius
310 2889 467 2956 occidere
488 2889 579 2958 nitio.
604 2886 692 2976 Quin
710 2887 773 2954 imo
791 2883 1095 2977 Theophrastil)

108 3140 137 3205 1)
161 3135 290 3207 Praefat.
309 3134 348 3190 ad
366 3136 430 3191 libr.
448 3139 470 3190 Ι.
496 3137 531 3192 de
552 3158 581 3192 re
605 3148 674 3191 rust.
708 3133 886 3208 Quibuscum
912 3134 1096 3191 Columel-

158 3227 213 3279 lae
236 3223 332 3280 verbis
356 3225 539 3279 conferantur
562 3241 610 3290 ea,
637 3241 710 3296 quae
733 3241 771 3278 ex
789 3225 950 3278 Varrone
969 3232 1002 3300 et
1027 3225 1097 3276 Ta-

156 3310 231 3367 cito
249 3309 400 3381 adscripsit
418 3311 589 3366 Sohldzer
610 3309 773 3364 Gesctriclne
791 3309 841 3362 der
860 3309 1021 3381 Handlung
1037 3311 1098 3363 und

157 3397 285 3470 Seesolrrt
302 3400 332 3450 in
350 3397 406 3452 den
424 3397 542 3450 diserten
560 3397 666 3450 Zeiren.
683 3395 905 3454 Rostooh.1761.
924 3403 949 3452 8.
969 3413 1000 3466 p.
1011 3393 1071 3451 2571.

105 3509 135 3574 2)
159 3511 201 3558 De
218 3507 316 3560 ventis.
335 3507 415 3572 §.13·
433 3519 461 3571 P·
477 3503 543 3562 762.-
579 3495 615 3552 Εἰ
632 3495 657 3554 δ’
674 3492 720 3552 oie
739 3495 852 3568 ἀληθές,
873 3493 890 3552 8
907 3499 1027 3570 λέγουσιν
1045 3495 1097 3551 ‹tt-

19 3599 23 3608 '
157 3591 199 3648 λοι
217 3612 247 3646 τε
265 3597 311 3644 καὶ
329 3587 433 3659 οἱπερὶ
450 3590 577 3658 Κρήτην,
599 3583 634 3640 eis
652 3581 705 3655 ἄρα
722 3584 769 3638 νῦν
786 3585 907 3654 μείζονες
924 3583 953 3639 oi
968 3584 1118 3653 χειμῶνες.

157 3684 203 3732 καὶ
221 3673 288 3746 χιών
305 3674 526 3740 aleiun'ninrei,
548 3669 680 3742 cenuvium
699 3675 836 3741 picenses,
857 3666 892 3725 eis
910 3666 973 3726 rire
991 3668 1043 3739 μὲν
1062 3667 1097 3739 ῳ’-

156 3767 228 3819 nsiro
247 3763 281 3819 cd
301 3758 351 3836 ὅρη
370 3769 423 3836 καὶ,
434 3763 511 3833 ἔφερε
529 3757 634 3828 καρπόν
652 3767 696 3812 cet
709 3758 760 3812 τόν
773 3747 885 3830 oseneio
902 3766 946 3812 καὶ
966 3754 1016 3812 τόν
1034 3756 1096 3812 cleu-
1150 3813 1152 3824 ,

157 3849 252 3923 deirae
274 3853 477 3920 πεφυτευμένης·
498 3855 544 3901 καὶ
562 3844 763 3918 διειργασμίνης
780 3839 829 3913 τῆς
845 3850 947 3917 χώρας,
976 3845 1029 3912 (ἰςὶ
1046 3841 1095 3916 γάρ

154 3936 237 3992 nediu
260 3938 289 3992 ἐν
314 3939 370 3989 cois
387 3931 464 4003 ”Idus
486 3930 589 4006 delore,
614 3929 748 4004 εὔμεγέθη
773 3940 819 3985 καὶ
844 3933 873 3986 ἐν
890 3935 946 3986 uois
962 3927 1058 3994 dilen,
1077 3921 1097 3983 i

154 4021 203 4078 rein
222 4020 277 4078 οὔδ’
294 4019 385 4078 ὁτιοῦν
402 4021 563 4094 γεωργοῦσι,
589 4016 633 4074 ded
659 4016 690 4074 ci
708 4016 748 4090 μή
766 4014 946 4090 alarcurrim
965 4014 990 4071 δ’
1008 4013 1095 4089 ὥσπερ
1183 4079 1186 4085 ,

846 4114 878 4162 15
