2850 4730
533 343 700 402 nature.
1079 341 1128 414 97.

110 508 283 594 consistit,
321 517 394 576 tum
424 519 570 601 propter
602 508 731 578 eoloris
768 513 999 601 emissionem,
1045 526 1118 586 tum

104 624 250 704 propter
271 611 379 704 ipsios
403 613 484 698 loci,
515 637 581 707 qno
606 623 685 682 eret
704 614 875 698 sublatus,
903 622 1115 712 naturom‘)‚

109 728 145 784 et
168 741 260 810 equa
268 719 320 809 fit
341 741 389 788 ee
411 727 503 805 otte,
532 729 568 786 et
578 719 693 812 sacto
714 719 751 786 t'n
772 729 902 786 terram
934 722 1114 796 delabitur.

107 821 175 890 Est
189 832 314 907 autem,
336 824 431 916 quod
442 847 554 916 aquae
569 822 791 892 exhalatione
805 822 974 910 nascitur,
993 851 1113 916 tepor,-

107 936 144 994 et
164 926 304 1018 vaporis
327 929 475 997 transitu
496 929 531 995 in
554 951 681 1019 apuam
702 926 810 994 nubes
836 927 987 1018 efficitur.
1034 927 1115 1019 Qui-

105 1031 166 1100 bus
188 1032 223 1100 in
244 1031 348 1100 verbis
370 1031 624 1102 Aristoteles
647 1031 742 1108 etiam
763 1033 971 1101 recentiorem
992 1032 1117 1127 pluvia·

104 1161 177 1205 rum
198 1133 353 1206 theoriam
375 1137 457 1205 adeo
480 1135 630 1206 absolutis
651 1135 792 1206 numeris
815 1136 1026 1232 'compositam
1050 1154 1116 1207 tra·

105 1240 195 1326 didit,
216 1255 252 1309 ut
272 1239 353 1309 nihil
374 1240 441 1310 fere
457 1239 679 1326 desideremus,
701 1240 764 1310 nisi
778 1265 916 1328 causam,
940 1267 994 1312 cnr
1016 1242 1115 1330 calor,
1170 1227 1174 1246 ‘

105 1345 190 1414 cuius
214 1369 276 1440 ope
303 1369 406 1439 vapor
433 1371 570 1442 aquosus
599 1371 726 1415 sursum
749 1345 877 1416 tollatur
898 1345 1004 1441 ibique
1030 1348 1112 1416 exsi-

104 1464 175 1535 stat,
198 1474 350 1546 vnporem
372 1475 480 1522 rursus
504 1453 630 1522 deserat
651 1465 683 1520 et
705 1475 768 1546 quo
790 1451 825 1520 id
846 1452 943 1520 modo
965 1450 1029 1523 fiat.
1075 1453 1113 1524 si

102 1552 298 1640 addidisset,
328 1579 459 1625 cansam
486 1555 521 1624 iu
542 1557 645 1625 ventis
667 1579 737 1624 esse
760 1555 990 1648 quaerendam,
1020 1555 1109 1647 stigi-

102 1659 226 1727 diorem
247 1665 356 1726 a‘drem
378 1681 484 1725 secum
504 1656 745 1742 vehentibns‘),
774 1657 983 1724 recentiorum
1004 1657 1113 1752 physi-

103 1787 212 1832 corum
240 1762 281 1830 de
312 1758 491 1856 pluviarum
519 1758 623 1829 causis
647 1757 892 1852 disceptationes
914 1775 947 1829 et
974 1760 1114 1856 disputa-

101 1868 205 1936 tiones
226 1887 358 1960 prorsus
381 1863 507 1934 inutiles
528 1861 726 1933 reddidisset
773 1861 882 1932 Theo
889 1863 1115 1959 phrnstus‘)

102 1972 168 2040 iam
191 1969 327 2053 addidit,
353 1969 455 2038 nubes
485 1985 516 2038 et
535 1961 771 2062 pluviasgigni
794 1969 928 2053 dunipm
949 1985 1115 2042 ventorum

101 2073 299 2158 confusione,
330 2073 456 2142 dicenss
494 2073 593 2142 Unde
622 2071 730 2165 peinis
760 2070 876 2161 spirat
906 2085 1038 2162 ventus,
1067 2077 1119 2147 itt
1156 2098 1157 2104 ’

102 2175 244 2248 serenus
268 2200 346 2246 esse
367 2178 471 2257 solet·
507 2201 573 2271 qno
599 2199 673 2245 vem
697 2181 814 2244 aetem
831 2175 1036 2268 propulset,
1067 2183 1119 2252 itt

104 2286 248 2354 nebulas
279 2297 315 2351 et
337 2281 477 2374 pluvias
500 2291 694 2374 provocet:
724 2279 812 2349 cuius
833 2281 883 2349 rei
904 2281 999 2376 plura
1020 2285 1112 2356 affert
1223 2293 1227 2301 '

101 2388 257 2484 exempla,
282 2387 394 2482 quibus
417 2387 493 2456 addi
514 2399 651 2482 possunt
673 2383 1004 2477 Agatharchides
1027 2390 1113 2484 apud

101 2491 317 2564 Diodorum
344 2492 564 2583 Siculum⁷)
586 2490 704 2562 verba:
736 2492 869 2596 Auster
894 2490 931 2560 t'n
965 2491 1113 2564 Gmect'o

172 2817 279 2870 trerius
305 2817 343 2870 sit
366 2816 440 2885 (adr)
465 2816 560 2871 calore
583 2803 680 2882 (suu),
710 2809 903 2862 conciliatione
926 2817 1022 2862 tamen
1045 2812 1116 2864 socii

172 2902 321 2970 copulatur
338 2902 459 2953 tumoris
477 2901 644 2968 (humectus
655 2893 734 2948 euim
745 2895 821 2962 est).
852 2897 940 2965 Super
951 2895 1030 2950 hunc
1040 2898 1114 2970 ignis

172 3003 236 3040 eum
258 2987 297 3038 sit
320 2983 431 3038 calidus
448 2991 474 3036 et
491 2984 598 3050 siccus,
622 2982 763 3036 humorem
781 2980 894 3052 quidem
912 2983 1114 3056 aerumpnis

172 3074 314 3142 siccitate„
325 3071 376 3127 sed
392 3071 566 3127 connectitur
581 3077 635 3144 ρινΙ
648 3072 803 3125 societatem
821 3065 934 3128 eoloris.

118 3194 151 3269 d)
175 3198 210 3249 ln
232 3193 428 3266 superioribus
451 3195 665 3268 atmosphaerae
692 3192 857 3266 regionibus
882 3194 977 3252 maius
1001 3197 1112 3254 exsistit
1160 3169 1169 3194 ⁰

173 3282 275 3358 frigus,
307 3281 385 3356 quod
411 3299 593 3358 nequaquam
618 3280 748 3356 ignotum
774 3281 862 3338 fuisse
886 3279 1109 3352 Aristoteli,

172 3379 234 3424 tum
253 3388 292 3424 ex
315 3369 372 3424 hoo
397 3371 461 3423 loco
484 3378 578 3439 petet,
608 3376 670 3422 tum
696 3386 734 3422 ex
758 3368 823 3425 aliis
848 3369 999 3425 sexcentis.
1035 3370 1113 3426 lutra

172 3455 287 3512 uberius
305 3473 340 3511 ea
358 3455 393 3511 de
411 3473 443 3508 re
461 3471 584 3534 agemus.
1038 3453 1042 3460 '

103 3569 133 3634 5)
157 3560 362 3635 Frigetaotioue
385 3560 606 3618 atrisvreditum
626 3576 767 3630 vaporum
786 3557 819 3612 in
835 3557 984 3632 liquidum
1007 3568 1114 3618 statum

176 3648 246 3714 fieri,
264 3663 296 3700 re
313 3649 379 3706 vere
398 3648 517 3706 affirmet
535 3647 748 3714 entatxxvt,
769 3649 813 3706 27.
832 3641 934 3718 p·9d³,
954 3663 980 3714 a,
999 3643 1051 3702 ubi
1068 3646 1115 3704 di·

173 3736 225 3792 eit:
245 3730 293 3789 deci
309 3731 469 3808 ψυχρότητα
486 3729 557 3803 ὕδωρ
575 3733 605 3799 ἐξ
623 3731 702 3808 α’ἐροο
717 3736 830 3810 γίνονται.

125 3846 155 3916 6)
179 3850 221 3898 De
237 3842 337 3898 ventis.
355 3845 381 3914 §-
393 3839 421 3900 lt.
439 3863 468 3918 p.
482 3850 543 3908 759.

124 3955 153 4021 7)
179 3949 234 4005 To'e
258 3945 339 4005 eicon
362 3945 428 4020 παρ’
449 3947 516 4022 ἡμῖν
538 3949 591 4020 μὲν
611 3945 684 4002 εἶναι
699 3951 842 4020 χειμέριον,
860 3917 924 4030 περὶ
942 3942 972 4000 di
990 3942 1041 4016 τήν
1058 3945 1113 4004 Ae'-

174 4041 289 4094 trottae
311 4039 425 4104 αἴθριον
449 4031 586 4112 indeptae·
598 4041 655 4122 «καὶ
671 4031 720 4090 coit
736 4039 857 4107 βορείους
881 4025 967 4089 noodr
980 4023 1046 4109 ’περὶ
1063 4035 1114 4105 μὲν

881 4126 897 4183 t
