2846 4734
504 343 786 416 Jttro‘dmto.
1110 347 1153 422 ιδ

148 528 284 596 tationes
308 524 445 609 subierit,
470 547 511 592 an
527 547 627 610 secus,
651 538 848 594 erveterum
864 519 1052 620 scriptorum
1074 527 1152 599 loeis

149 648 222 725 apte
247 629 475 724 componendis
499 645 531 698 et
554 629 719 722 diligenter
734 628 951 724 perquirendis
966 632 1056 702 unice
1072 629 1153 702 sol'ri

149 753 251 831 queat,
274 738 431 829 ingratum
453 757 532 828 opus
548 733 724 814 ,inchoasse
743 759 933 830 speramus.

193 873 197 882 ·
219 841 289 910 ·De
310 841 441 940 ratione,
465 865 558 937 quam
580 842 615 910 in
636 839 829 910 conficiendo
856 837 918 910 boc
920 864 1059 936 opere
1056 843 1154 912 secuti

120 971 288 1030 sumus,
307 945 358 1013 vix
386 933 505 1039 aliquid
530 943 729 1036 babemus,
741 945 828 1038 quod
856 909 1064 1038 moriendum
1084 971 1153 1015 esse
1238 971 1241 982 ’

146 1074 341 1124 censeamus.
370 1049 518 1120 Forsitan
541 1047 664 1121 obiiciet
682 1048 775 1124 nobis
790 1049 905 1144 aliquis
918 1033 1153 1170 grammaticus,

149 1154 290 1254 singulos
313 1154 413 1254 locos
424 1180 484 1222 nos
498 1153 673 1250 nonsatis
696 1153 807 1224 diffuse
822 1153 1009 1247 interdum
981 1171 1156 1250 mterpre·

145 1276 228 1328 tatos
253 1284 333 1342 esse,
360 1285 462 1354 neque
484 1257 643 1328 variarum
664 1256 835 1327 lectionum
847 1274 1026 1353 respectum
1039 1259 1152 1353 ubique

144 1363 305 1433 habuisse.
351 1363 411 1434 Isti
432 1362 680 1482 respondemus,
711 1387 785 1450 nes
791 1360 884 1448 bac
874 1387 925 1448 ιιι
931 1363 1152 1462 disseptatione

140 1493 341 1564 nequaquam
362 1467 606 1540 commentarios
624 1467 785 1560 nequetin
799 1465 1024 1538 Aristotelicou¹
1039 1446 1150 1553 libris,

139 1573 245 1664 ‘neque
267 1574 301 1641 in
324 1571 421 1640 alidm
443 1577 630 1665 quemquam
657 1571 849 1671 scriptorem
871 1571 1072 1642 conscribere·
1095 1599 1171 1644 vos

146 1676 270 1748 luisse.¹
296 1676 484 1743 Futurae
459 1675 758 1780 supermittitvitae
763 1661 1023 1799 negotiorumque
1038 1676 1150 1746 condi·

144 1781 221 1866 tio,
237 1779 299 1848 nisi
327 1778 518 1848 asubsidiis
543 1771 641 1848 sato
660 1777 795 1858 iubente
822 1779 1023 1888 ιοιοιιιιιιιι,
1044 1780 1151 1877 ipsos

142 1877 376 1954 Aristotelicos
401 1885 441 1953 de
473 1870 620 1952 riret'eoris
661 1873 798 1971 libros
822 1864 945 1981 odrplo
956 1909 1019 1984 quo
1055 1903 1150 1992 egent

142 1991 366 2058 commentario
388 1989 557 2058 instructos
580 1989 614 2059 ιιι
624 1983 755 2060 lucem
766 1983 882 2059 edendi
904 1979 1071 2060 ιοιιιιΊιιιιιι
1090 1990 1148 2058 ba-

21 2115 26 2121 ·
142 2095 264 2163 bemus.
308 2093 453 2190 Physicis
476 2110 587 2163 contra
607 2094 745 2176 fortasse
768 2092 962 2189 displicebit,
992 2120 1054 2164 nos
1084 2121 1149 2166 non

141 2200 220 2269 satis
245 2200 360 2267 diserte
384 2224 479 2293 saepe
498 2215 642 2270 'recentes
666 2199 704 2269 de
728 2197 862 2292 singulis
877 2199 971 2268 rebus
994 2215 1025 2269 et
1040 2201 1148 2292 cogni·

70 2335 73 2340 ·
141 2305 242 2373 tiones
266 2320 297 2372 et
319 2303 484 2399 opiniones
507 2303 738 2397 promulgasse.
797 2303 857 2387 At,
883 2329 924 2372 ne
951 2303 1025 2372 libri
1047 2305 1147 2376 moles

140 2409 235 2478 nimis
259 2425 469 2494 excresceret,
493 2434 531 2476 ea
554 2425 675 2490 tantum
699 2406 927 2492 delibavimus,
954 2407 1065 2502 quibus
1096 2434 1147 2478 ca·

140 2541 208 2584 rere
232 2515 436 2584 nullomodo
460 2501 638 2608 possemus.
682 2510 767 2580 Fieri
790 2509 841 2579 vix
863 2527 985 2604 potest,
1015 2513 1091 2608 quin
1113 2514 1148 2584 in

138 2637 228 2689 tanta
253 2645 359 2688 rerum
394 2619 560 2704 varietate,
597 2617 768 2714 aliquando
807 2639 937 2686 somnus
965 2615 1146 2712 irrepserit;

138 2717 274 2818 quod
247 2749 275 2791 sr
298 2749 348 2790 me
364 2722 587 2791 dormitantem
610 2720 841 2842 deprehendat
845 2718 954 2804 lector,
969 2719 1145 2813 benignita-

136 2845 212 2912 tem,
247 2829 276 2894 si
297 2851 416 2919 aequus
439 2843 504 2910 est,
527 2825 670 2919 precanti
692 2848 757 2891 nou
779 2799 956 2915 denegabit.
1001 2823 1148 2918 Iniquum

137 2956 205 3000 nou
228 2930 361 3009 curab03
384 2952 485 2996 vanas
510 2930 593 2998 enim
615 2928 748 2997 fundere
770 2953 890 3024 preces,
912 2949 978 2996 ιιοιι
999 2926 1062 2996 lert
1079 2929 1145 3000 ani-

20 3125 23 3132 ⁴
135 3058 219 3104 mus.
287 3031 346 3100 Me
382 3032 477 3126 igitur
504 3057 670 3126 meumque
702 3032 886 3128 opusculum
913 3032 1025 3103 lectori
1060 3059 1145 3104 com-

135 3137 271 3222 mendo,
294 3137 396 3231 sitque
420 3154 543 3232 aequus
567 3154 598 3206 et
619 3137 772 3228 benignus
795 3163 909 3234 precor
929 3137 1032 3208 iudex.
1061 3135 1145 3208 Nut

134 3245 194 3314 lius
217 3243 300 3312 enim
331 3265 429 3338 opera
451 3243 556 3312 adioto
579 3244 620 3311 ad
642 3242 733 3338 ipsos
754 3242 858 3312 fontes
896 3256 963 3312 erat
983 3268 1144 3313 recurren-

136 3350 227 3433 dum,
260 3347 314 3442 qui
342 3347 468 3441 quantis
502 3347 646 3416 sordibus
670 3349 734 3417 sint
764 3347 890 3443 repleti,
922 3370 1016 3441 quam
1038 3373 1145 3419 rarum

136 3453 279 3522 emittant
300 3452 467 3546 liquorem,
489 3476 582 3521 nemo
604 3467 652 3522 est
671 3452 785 3522 barum
806 3477 912 3520 rerum
933 3451 1079 3546 peritior,
1095 3454 1145 3522 cui

136 3558 178 3626 sit
199 3557 351 3650 ignotum.
398 3553 514 3650 Neque
536 3581 615 3651 opus
638 3557 680 3626 ad
702 3557 797 3624 linem
812 3554 981 3652 perducere
1004 3581 1062 3644 uec
1083 3580 1142 3653 po·

135 3661 189 3747 toi,
213 3687 271 3730 nec
292 3660 395 3742 volui;
418 3685 545 3730 monere
558 3675 688 3745 ιιιιιιιιιι,
713 3660 790 3755 quid
802 3659 957 3754 agendum
980 3675 1012 3732 et
1033 3661 1145 3754 quaid

134 3766 256 3835 ratione
286 3768 328 3835 sit
354 3765 590 3859 perficiendum.
649 3761 764 3860 Neque
793 3764 891 3835 multa
921 3765 1033 3851 adhuc,
1058 3767 1144 3860 quod

134 3870 175 3938 ad
197 3871 403 3940 recentiorem
417 3868 660 3959 meteorologiae
681 3885 797 3939 statum
818 3870 942 3956 attinet,
974 3871 1038 3941 tale
1061 3869 1154 3967 opus'

134 3974 311 4044 conficienti
335 3974 475 4043 subsidia
497 3989 636 4054 exstant,
658 3974 753 4067 igitur
774 3972 824 4043 bic
848 3998 975 4070 quoque
996 3977 1040 4045 ad
1068 3974 1140 4044 lou·

132 4094 181 4146 tes
205 4094 272 4146 erat
293 4079 528 4162 recurrendum,
551 4079 635 4173 quod
655 4077 759 4150 facere
788 4076 904 4164 malui,
935 4103 1031 4174 quam
1062 4079 1140 4148 alio·
