2824 4746
414 369 744 436 mutationibus.
1022 379 1086 443 229

76 556 136 633 tas
160 544 271 634 uergit,
290 543 519 632 pulcherrima
533 555 587 610 est
602 543 770 628 omnium„
782 549 943 640 rebusque
964 553 1084 618 merito

73 647 311 738 principatum
325 655 471 714 naturae
485 647 651 732 obtinens,
669 647 778 715 Italia
792 654 931 737 rectrix,
942 675 1083 741 parens-

76 773 141 842 que
164 749 285 817 mundi
303 751 424 834 altera,
442 750 710 841 ⁸siris,seminis‚
732 750 885 839 ducibus,
908 756 1082 841 militibus,

77 853 238 938 servitiis,
270 853 396 921 artium
413 857 648 944 praestantia,
675 857 888 946 ingeniorum
915 860 1082 928 claritati·

77 959 156 1043 bus,
186 961 259 1026 iam
286 957 352 1024 situ
380 981 425 1025 ac
446 959 657 1028 salubritate
679 962 771 1028 caeli
790 973 891 1054 atque
913 964 1083 1054 temperie,

76 1087 224 1130 accessu
246 1071 444 1129 cunctarum
464 1064 615 1153 gentium
628 1063 743 1155 facili,
768 1067 922 1136 litoribus
940 1076 1084 1158 portuo-

75 1167 133 1249 sis,
156 1165 301 1258 benigno
327 1175 496 1234 centonem
517 1167 648 1258 asqlatu
669 1169 802 1248 (etenim
824 1172 989 1264 contingit
1006 1194 1084 1260 pro-

11 1295 13 1308 ·
74 1269 241 1338 currentis
259 1269 388 1359 positio
412 1270 446 1337 in
464 1281 605 1358 portem
627 1275 844 1344 utilissimam
866 1292 901 1346 et
923 1275 1013 1344 inter
1030 1297 1084 1340 or·

11 1421 22 1458 r.
78 1389 133 1441 tus
158 1395 373 1465 occasusque
394 1374 565 1460 mediam),
589 1400 757 1470 aquarum
771 1381 891 1472 -copia,
914 1403 1086 1450 nanomm

11 1495 13 1544 ὲ
76 1477 303 1562 salubritate,
329 1478 494 1548 montium
517 1480 684 1566 articulis,
705 1483 864 1572 ferorum
887 1482 1086 1552 animalium

77 1582 286 1670 innpcentia,
309 1581 379 1649 soli
384 1579 589 1674 fertilitate,
615 1586 743 1674 pabuli
760 1589 928 1657 ubertate.
978 1584 1085 1674 Quid·

11 1755 13 1778 ⁴
77 1685 161 1774 quid
182 1700 247 1768 est,
274 1708 339 1777 quo
364 1705 478 1751 carere
502 1685 573 1754 uita
594 1711 664 1754 non
685 1688 821 1773 debeat,
843 1712 1011 1780 nusquam
1034 1702 1087 1756 est

75 1788 333 1876 praestantius:
358 1785 503 1879 fruges„
543 1788 669 1872 venum,
709 1791 801 1875 olea,
837 1793 975 1876 uellera,
1007 1790 1086 1872 lina,
1122 1863 1127 1872 ,

12 1943 13 1948 ,
79 1909 203 1976 restes,
224 1891 367 1959 iuuenci.
410 1892 582 1990 Ne'cquos
605 1893 738 1984 quidem
757 1895 794 1964 in
817 1895 967 1987 trigariis
985 1891 1096 1992 prae-¹

72 1997 168 2080 ferri
188 1995 277 2062 ullos
302 1993 487 2062 oemaculis
516 1995 760 2068 ammadverto.
815 1999 969 2070 Metellis
998 1999 1084 2079 auri,

77 2099 223 2192 argenti,
245 2098 354 2180 aeris,
365 2096 660 2189 serri,quamdiu
683 2103 781 2172 libuit
808 2127 982 2186 exercere,
1012 2100 1084 2168 nul-

81 2205 117 2272 lis
142 2203 269 2272 cessits'
305 2217 339 2269 et
360 2201 402 2267 iis
424 2225 515 2268 nunc
535 2203 572 2290 in
592 2227 631 2272 se
650 2207 791 2296 gravida
809 2230 877 2297 pro
894 2207 988 2277 omni
1007 2206 1087 2274 dole

84 2308 198 2376 varios
222 2329 345 2372 succus
367 2316 403 2372 et
413 2305 558 2398 snegum
575 2301 819 2402 pomorumque
847 2335 985 2401 sapores
998 2309 1085 2401 sun-

83 2411 141 2481 dit.
187 2411 242 2477 Ab
266 2434 322 2494 ea,
351 2409 505 2500 exeeptis
549 2413 671 2480 Indiae
688 2413 939 2503 sabulosis¹⁸),
967 2409 1084 2501 proci-

14 2539 15 2546 *
81 2539 132 2582 me
154 2513 290 2608 quidem
312 2514 472 2581 duxerim
493 2511 714 2604 Hispaniam,
743 2537 953 2610 quacumque
981 2511 1085 2582 ambi·

13 2663 14 2692 1
80 2634 135 2696 tur
157 2619 310 2698 mari¹⁹).
349 2609 352 2616 ¹
653 2639 655 2644 ·

12 2869 14 2908 t

168 2723 259 2814 Quid
288 2722 416 2807 mirum,
444 2747 515 2790 com
537 2722 632 2792 tantis
646 2721 799 2792 ,laudibus
829 2722 1001 2792 cumuletur
1023 2719 1087 2784 lta-

83 2828 137 2914 lia,
168 2829 198 2896 si
224 2826 329 2895 nullus
351 2827 417 2895 eius
439 2825 543 2896 incola
564 2825 647 2895 hanc
666 2827 801 2920 puniam
824 2851 894 2896 cum
922 2823 984 2892 alia
1006 2838 1088 2890 terra

12 2931 14 2948 ¹
86 2948 279 3002 commutare
302 2930 443 3014 voluerit,
466 2931 541 3024 quid
563 2931 689 3016 mirum,
717 2931 743 2999 si
760 2930 938 2999 Ovidius
964 2925 1088 2993 Tomos

86 3037 117 3105 in
145 3036 275 3108 exilium
305 3035 525 3104 missus‘nihii
547 3035 630 3106 illius
654 3037 790 3130 regionis
812 3033 980 3127 [rigoribus
1008 3031 1088 3099 into·

12 3143 13 3158 ¹
87 3143 247 3222 letabilius
270 3139 437 3224 censuerit,
459 3156 493 3208 ut
516 3141 676 3227 dicas²'):

148 3269 199 3336 At
215 3290 292 3334 cum
306 3262 418 3331 tristis
432 3263 537 3330 biems
553 3266 744 3356 squalentia
754 3264 898 3355 protulit
914 3289 990 3345 ora,

198 3371 367 3460 Terraque
389 3391 579 3436 marmoreo
599 3370 744 3438 condida
763 3370 862 3457 facta
883 3370 961 3460 gelu
984 3381 1046 3434 est.

94 3653 136 3718 18)
164 3657 289 3722 Gangem
305 3650 379 3702 enim
397 3659 555 3727 transnare,
573 3649 620 3701 vel
630 3647 843 3703 transscendere
860 3654 1018 3702 Caeecasum
1034 3649 1092 3698 Ro-

158 3741 240 3792 mani
257 3739 378 3792 nominis
387 3736 477 3806 famo
495 3753 552 3789 non
569 3737 671 3790 ualuit.
698 3735 911 3790 Macrobius
922 3739 1016 3788 Somn-
1031 3733 1093 3786 Sci-

80 3831 83 3838 ·
158 3827 464 3896 pion.11‚1o.p.107.
498 3815 502 3827 “

97 3947 142 4017 19)
164 3947 330 4004 Gasiseratut
347 3943 432 3998 otiam
451 3943 635 4020 Virgilius
656 3946 782 4018 Georgia.
793 3945 830 4013 11,
849 3939 990 4034 ¹³6‘.⁵'l‘1'

80 4066 533 4139 ²mmmum·
1000 4035 1004 4044 ¹
