2838 4730
471 413 478 430 .
546 330 714 422 Aquilo.
1064 340 1126 406 113

17 535 18 538 ’
123 523 227 591 tere)
260 513 294 579 in
323 514 394 578 aire
423 507 584 578 contendit
605 505 900 591 aristotelem),
926 503 1019 605 idque
1046 510 1122 598 iure,

122 615 383 710 quemadmodum
417 637 513 709 supra
555 611 619 680 iam
649 609 843 695 monuimus,
877 635 948 680 eum
986 621 1043 683 air
1081 619 1121 688 ab

120 720 330 814 Aquilonibus
353 719 468 788 allatus
490 718 613 786 minore
636 740 790 810 vaporum
814 715 986 810 quantitate
1010 721 1050 788 sit
1072 749 1120 790 re-

120 825 240 920 platus,
273 824 358 918 quod
379 849 417 892 ex
439 846 498 891 suo
520 820 671 914 loquendi
693 846 781 890 more
814 824 860 888 ita
887 821 1049 914 exprimit:
1077 824 1123 896 τά

117 930 183 1018 μίν
204 927 330 1024 βόρεια
351 929 512 1020 σβέννυσι
534 928 612 1021 πρὶν
634 928 787 1024 σοςῆνοί
806 955 838 995 τι
859 925 1003 1018 πλῆθος·
1022 926 1062 998 ἓν
1084 931 1123 1000 δὲ

117 1044 190 1114 wie
204 1040 329 1112 νοτίοις
344 1032 443 1104 ἐᾶται
457 1031 688 1126 ἀθροίζεσθαι
706 1029 728 1126 ἡ
749 1026 997 1119 ἀναθυμίασις.
1033 1032 1121 1103 Ver-

119 1138 210 1207 siculi
232 1137 321 1206 istius
331 1138 376 1223 ⁸):

153 1241 205 1312 Ol
226 1271 306 1313 nore
328 1236 523 1336 νυκτερινός
543 1242 673 1336 βορέας
693 1241 842 1334 sylvest)
865 1242 954 1310 ἵκετο
968 1244 1095 1337 φέγγος

117 1347 180 1416 iam
194 1370 292 1440 supra
307 1346 496 1414 mentionem
512 1345 654 1444 fecimus.
700 1344 839 1412 Causam
863 1347 1014 1439 proponit
1031 1349 1120 1418 Ari-

117 1450 312 1535 stoteles,
345 1449 418 1544 quia
441 1447 702 1543 septentrionales
726 1448 818 1518 flatus
847 1447 1018 1518 imbecilles
1047 1453 1120 1538 sint,

118 1581 186 1622 eum
207 1573 301 1627 noctu
323 1554 447 1650 spirare
461 1554 621 1649 incipiant.
662 1553 812 1648 Denique
833 1577 1028 1639 moneamus,
1051 1581 1120 1626 eum

117 1659 235 1751 Aquilo
280 1659 321 1726 sit
356 1681 522 1741 serenus,⁴
548 1659 808 1735 Ovidium¹⁰)
857 1655 1002 1743 finxisse,
1049 1685 1121 1728 eum

114 1763 155 1831 ab
177 1762 269 1847 Iove,
299 1776 334 1830 ut
360 1775 447 1829 terra
468 1760 622 1832 imbribus
646 1762 737 1831 obrui
760 1773 863 1853 queat,
890 1758 979 1853 prius
1010 1759 1043 1830 in
1065 1787 1120 1830 an·

114 1866 173 1934 tris
195 1891 280 1938 ,esse
314 1863 486 1934 seclusumz
532 1865 644 1936 deinde
674 1890 752 1936 vero
780 1887 817 1934 eo
835 1857 939 1933 ¹usum
969 1889 1038 1934 esse
1067 1867 1119 1936 lo·

115 1995 203 2054 vem,
240 1985 275 2038 ut
307 1983 383 2064 post
415 1967 567 2036 diluvium
595 1969 722 2037 nimbos
750 1991 859 2038 rursus
893 1976 1121 2054 removeat¹¹).

115 2077 159 2144 At
188 2073 258 2166 ipse
288 2095 411 2166 quoque
433 2069 595 2139 interdum
616 2071 741 2166 pluvias
764 2075 856 2144 affert
876 2089 955 2144 teste
978 2075 1120 2170 Virgi-

113 2175 170 2244 lio
187 2180 240 2256 ¹²).
284 2177 399 2244 Exstat
416 2172 579 2268 Orphicus
595 2175 628 2244 in
642 2175 784 2246 Boream
806 2178 1005 2272 hymnus¹³),
1030 2205 1122 2276 quem
1143 2257 1145 2263 s
1224 2219 1228 2232 ·

115 2281 314 2374 sequentibus
343 2279 489 2350 versibus
516 2280 654 2349 reddidit
676 2281 872 2378 Josepbus
908 2282 1122 2378 Scaliger:

84 2457 90 2464 Ι
119 2445 329 2460 ——n-

130 2535 161 2602 7)
185 2528 323 2606 'Aepolium
339 2534 375 2680 qul
385 2493 500 2675 illim
516 2533 635 2608 βορείοις
652 2530 756 2604 pillos
773 2531 792 2604 ἢ
807 2537 914 2592 νοτίοιο.
946 2481 1121 2616 Meteoroldg.

140 2639 143 2648 ·
182 2621 205 2688 1,
226 2628 387 2694 top-37,
429 2662 435 2676 .

131 2725 162 2794 8)
185 2724 384 2782 Aristotel.
403 2727 499 2783 erote.
509 2730 618 2796 XXVI,
631 2735 658 2792 9.
670 2746 699 2801 p·
708 2727 770 2798 ott,
790 2747 815 2784 a.
834 2733 941 2798 xxvt
960 2729 1003 2802 tl,
1020 2730 1121 2808 mli,

182 2809 210 2865 b.
229 2814 474 2889 Theophrast.
493 2815 528 2872 de
544 2827 619 2871 vent.
639 2816 720 2884 §.l9·
739 2818 839 2888 p-776.

271 3426 427 3497 Χσιμερίοιο
443 3421 550 3498 cippos,
569 3425 658 3483 δονοῖν
673 3422 766 3499 stridon
783 3429 849 3502 ἤίρο
865 3431 966 3504 κόσμον
997 3433 998 3438 ’

271 3511 452 3585 Κρομοπαγὴς
471 3514 580 3584 Βορέαο,
597 3512 739 3582 χιονιίδοοο
756 3513 817 3573 ἔλθ’
834 3514 896 3590 sind,
912 3517 1013 3590 Oppiam

272 3595 331 3652 Ate
348 3619 379 3654 es
394 3597 563 3670 ποννίφιλον
584 3595 660 3656 triow
679 3597 755 3672 η’ίρσο
772 3599 973 3673 ὖγρονιλιῦθοο,

272 3677 379 3754 'lapdon
399 3687 513 3758 ῥιπίζων
531 3691 652 3758 enatato
669 3683 838 3759 ὅμβρηγενέο
856 3684 934 3766 ὕδωρ,

274 3773 383 3843 Asopo
400 3780 491 3831 natm
508 3775 607 3839 τιθείς,
624 3773 839 3847 θολερόμμσσον
858 3776 962 3853 αἰθέρα
979 3775 1079 3848 τεύχων

274 3851 396 3915 ’Ansium
414 3860 566 3934 λίρισιοοσνν
585 3859 631 3918 ἐπὶ
648 3858 749 3930 χθόνοσ
766 3862 877 3934 ἠελίοιο.

187 3943 280 4000 Malui
295 3944 417 4002 retinere
435 3965 500 4004 oum
515 3949 613 4006 codiee
623 3951 791 4020 Matritensi,
808 3953 841 4008 in
858 3971 917 4028 quo
936 3957 998 4024 sulp
1016 3966 1124 4029 postre-

188 4046 373 4114 mutuemus
399 4047 528 4096 serratus
553 4049 609 4106 est,
636 4038 801 4110 λάμοοοσιν,
826 4042 933 4099 omisso
957 4037 1005 4114 ele,
1035 4063 1122 4120 quam

892 4137 909 4188 8
