2846 4734
256 420 351 488 milia
367 418 529 510 proferre
545 419 685 508 audeat,
710 429 818 512 atque
846 420 930 490 olim
948 422 1170 515 Sturzius,
1197 427 1257 518 qui

254 543 291 612 in
308 542 459 611 Praefat.
478 542 525 610 ad
541 539 793 634 Empedoclem
809 567 845 635 p.
858 540 947 612 XLI
964 547 1119 637 scripsit:
1138 546 1257 636 „Ma-

254 663 311 732 tui
338 663 556 758 simpliciter
572 687 744 753 narrare,
772 689 867 758 quae
892 663 1136 760 Empedocles
1157 667 1257 762 pbi-

254 785 491 880 loeopbntue'
507 811 586 856 eece
620 785 807 858 diceretur
841 786 889 856 ab
922 787 1090 884 antiquie
1123 790 1252 882 scrip·

254 908 408 998 toribus,
434 931 548 1002 quam
574 907 655 1002 ipse
676 906 1040 1002 philosophari,
1067 921 1136 982 aut
1157 935 1255 982 nar-⁴

253 1031 438 1102 rationem
477 1055 599 1102 meam
632 1029 812 1103 immixtis
841 1030 1159 1125 pbilosophorum
1193 1057 1257 1104 re·-

253 1152 458 1226 cerrtiorum
477 1152 744 1226 commentis
772 1151 1095 1249 barbarieque
1118 1179 1256 1228 voco-0

251 1273 379 1346 bulis
412 1275 490 1348 eine
526 1279 607 1348 clla
632 1273 847 1346 necessitate
875 1273 1084 1348 obscurare.
1140 1279 1257 1365 Quem

253 1397 351 1467 onim
370 1398 545 1492 fructum
572 1398 745 1486 baberet,
771 1396 805 1465 ei
832 1421 864 1466 c.
887 1421 916 1466 c.
944 1397 1136 1488 dixiocem,
1161 1398 1254 1468 Em·

248 1521 442 1612 pedoclem
482 1509 611 1592 videri
644 1532 739 1592 recte
772 1518 930 1588 centicee
963 1521 1010 1588 de
1043 1520 1082 1592 vi
1114 1518 1256 1590 centri*

247 1638 399 1736 petaP⁴⁶
458 1645 535 1716 Nisi
573 1645 774 1734 exemplum
806 1641 998 1713 addidisset
1031 1642 1257 1728 Sturziue,

250 1789 356 1834 nemo
372 1766 519 1838 fortasse
545 1770 721 1858 existeret,
748 1766 808 1855 qui
832 1766 949 1854 ipsum
974 1775 1122 1854 propter
1147 1763 1257 1835 verbo

251 1885 370 1954 adlata
401 1889 627 1978 vituperaret.
679 1886 731 1957 At
763 1887 822 1958 vel
857 1886 1062 1971 Sturzio,
1094 1884 1153 1958 vel
1187 1885 1256 1953 alio

250 2009 377 2096 quovis
404 2008 511 2078 docto
538 2010 680 2078 homine
705 2009 918 2098 refragante,
945 2007 1133 2096 contendo,
1159 2005 1258 2074 mul-

250 2140 326 2198 tum
366 2151 517 2222 cumque
547 2155 621 2200 non
653 2131 770 2220 exigui
808 2132 978 2216 momenti
1012 2129 1172 2198 fructum
1212 2146 1257 2195 ex

254 2261 422 2322 veterum
435 2253 651 2343 scriptorum
668 2253 911 2344 explicatione,
938 2251 1049 2342 qualis
1075 2273 1142 2344 pro
1159 2261 1255 2318 tem-⁴

249 2392 398 2463 porum,
428 2373 554 2464 quibus
587 2376 757 2461 vivimus,
788 2385 827 2442 et
857 2373 1073 2460 litterarum,
1107 2395 1257 2464 quarum

249 2495 484 2582 cognitionem
509 2494 610 2566 nobis
637 2495 871 2584 gratulamur,
896 2495 1032 2570 ratione
1057 2496 1256 2583 exspectari

246 2623 376 2706 potest,
413 2615 614 2686 redundare
654 2617 700 2684 ad
737 2619 844 2684 totins
882 2616 1048 2684 hieton‘ae
1086 2615 1257 2684 naturalis

247 2739 504 2825 mactationem,
529 2760 600 2829 qua
618 2741 656 2810 in
674 2739 846 2808 sententia
865 2738 1065 2808 sustinenda
1084 2761 1142 2806 me
1160 2760 1253 2806 con-

247 2861 367 2930 firmat
386 2871 464 2929 tum
490 2860 760 2932 Schneideri
786 2860 1004 2950 aliorumque
1038 2857 1255 2948 exemplum,

248 2997 324 3051 tum
364 2984 536 3066 tritorum,
573 2983 694 3069 quales
719 2979 976 3053 Alexander
1017 2982 1067 3052 ab
1106 2980 1253 3049 llum-⁴

247 3101 401 3188 boldt,
417 3101 598 3186 Erman,
617 3101 745 3188 aliique
758 3101 918 3174 omnbus
934 3103 1140 3191 probantur,
1160 3125 1253 3168 auc-a
1329 3144 1333 3156 .

246 3224 379 3290 tomas.
419 3221 563 3308 Pretor,
589 3233 630 3290 ut
657 3225 808 3312 quaein
833 3221 904 3290 fine
925 3223 1087 3290 addenda
1106 3233 1143 3290 ct
1162 3245 1252 3290 cor-

245 3341 394 3432 rigenda
431 3364 507 3412 esse
548 3343 726 3432 duxerim,
768 3345 989 3430 corrigentur
1021 3367 1042 3409 a
1074 3341 1252 3412 benevolo

249 3467 403 3549 leotoce,
437 3471 643 3554 anteaquam
684 3467 730 3534 ad
770 3465 879 3555 ipsius
912 3455 1023 3532 libelli
1057 3461 1253 3533 lectionem

246 3569 402 3634 accedat.

299 3704 452 3772 Berolini
465 3705 553 3788 Idm
567 3707 670 3780 Maiis
679 3701 1004 3778 MDCCCXXXII.

544 4000 549 4008 -
664 3897 1120 4052 1111..Ln‹l0=v.·1de1er.
1177 3999 1182 4006 -
