2806 4726
283 338 346 408 aar
635 340 700 408 or·
723 311 952 408 crameriam.

286 534 352 585 tum
383 501 467 584 enim
503 500 670 586 materiam
702 505 777 584 tum¹
799 516 904 609 ipsam
930 515 1112 608 producere,
1140 525 1217 582 tum‘
1237 541 1297 609 per

286 647 395 692 amnes
420 621 566 690 subvehi:
602 622 700 690 linum
724 644 848 716 quoque
870 619 1042 713 producere
1065 618 1239 712 copiosum,
1263 637 1298 691 et

287 726 465 810 cannabim,
489 749 592 794 ceram
617 751 653 795 ae
674 725 788 822 picem.
821 723 911 792 Idem
928 717 1081 792 Strabo
1105 723 1144 789 de
1166 725 1299 816 provln·

287 833 342 900 ciis
359 831 457 899 Ponti
473 831 553 900 'cirea
570 821 983 900 Tbennodontem'amnem
998 830 1187 912 narrat¹l³),
1211 855 1298 898 sem·

286 963 346 1031 per
375 961 446 1006 esse
468 927 595 1005 roseida
616 935 674 1004 illa
696 936 765 1002 loca
794 951 826 1002 et
851 931 957 1001 herbis
989 931 1087 1000 virere
1117 949 1148 1001 et
1174 935 1298 1004 alendis
1323 928 1326 936 ’

287 1043 383 1109 boum
407 1057 438 1108 et
461 1066 612 1134 equorum
636 1039 784 1106 armentis
809 1037 967 1118 sulficere3
1000 1053 1175 1106 sementem
1198 1040 1298 1132 pluri-

287 1170 372 1214 mam
396 1145 536 1238 excipere
559 1143 652 1212 elemi
675 1142 705 1211 et
727 1142 815 1227 milii,
838 1157 930 1234 atque
954 1141 1034 1208 adeo
1057 1168 1215 1239 nunquam
1230 1143 1298 1212 sru-

288 1251 379 1344 gibus
417 1248 559 1332 destitui,
596 1263 631 1316 ut
657 1247 829 1342 aliquando
859 1245 961 1314 fames
990 1243 1112 1314 incolas
1147 1246 1299 1318 infestare

287 1367 408 1448 posset,
425 1379 495 1450 curn
510 1369 661 1421 montana
674 1353 769 1419 etiam
781 1351 978 1420 abundarent
989 1348 1142 1444 fructibus
1154 1369 1298 1446 sponte

287 1458 555 1527 nascentibus
587 1472 618 1524 et
645 1454 861 1538 silvestribus,
891 1454 994 1539 vite,
1025 1454 1118 1548 piris,
1151 1457 1240 1524 malis
1262 1474 1296 1526 et

286 1588 402 1632 nucum
431 1563 574 1657 pluribus
606 1559 789 1654 generibus,
828 1559 873 1626 ita
903 1575 945 1626 ut
971 1575 1056 1626 toto
1082 1562 1179 1628 anni
1201 1579 1296 1630 tem-

287 1691 385 1762 pore
407 1667 539 1761 largiter
561 1669 729 1762 decerpere
751 1663 870 1734 fructus
893 1680 1034 1758 possent,
1059 1665 1113 1758 qui
1135 1666 1168 1734 in
1191 1662 1297 1734 'silvas
1377 1661 1382 1668 “

286 1773 385 1857 irent,
414 1793 483 1842 cum
507 1773 561 1842 alii
583 1773 756 1842 etiamnum
776 1770 814 1840 de
837 1768 1008 1840 arboribus·
1026 1768 1214 1861 penderent,
1244 1771 1300 1841 alii

289 1877 492 1961 infoliorum‚
516 1903 596 1974 quae
613 1876 746 1970 delapsa
769 1891 882 1960 essent,
900 1874 1140 1968 struecopiosa
1160 1900 1199 1944 ac
1221 1876 1298 1945 den-

291 2007 328 2050 sa
350 1984 484 2052 iacentia
511 1981 741 2050 invenirentur:
767 1981 871 2047 omnis
895 1978 988 2046 etiam
1010 1978 1133 2071 generis
1155 1981 1299 2050 venatio-

243 2149 249 2164 ,
287 2111 344 2153 nes
367 2088 401 2153 in
422 2087 677 2181 frequentissimo
699 2110 769 2153 esse
788 2110 850 2152 ,usu
874 2084 917 2152 ob‘
931 2083 993 2151 soli
1007 2084 1212 2155 fertilitatem.
1248 2087 1299 2156 si-

202 2209 206 2225 ·
285 2211 397 2281 nopes,
420 2189 524 2256 Amisi
547 2214 584 2258 ac
605 2189 827 2281 Phanagoriae
851 2188 1008 2256 suburbia.
1023 2189 1137 2256 maiore
1152 2208 1300 2284 exparte

288 2293 376 2364 oleas
392 2293 492 2374 ferre;
514 2295 549 2364 in
563 2292 727 2388 Hyrcania
750 2292 828 2360 vites
852 2308 885 2359 et
905 2293 983 2361 ficos
1006 2293 1190 2362 uberrimam
1211 2295 1299 2365 sruc-

288 2416 375 2470 tuum
399 2399 604 2494 quantitatem
625 2385 796 2493 producere
820 2414 943 2484 narrat,
961 2397 1163 2468 'frumentum
1190 2425 1228 2467 ex
1250 2425 1302 2470 se·

286 2505 383 2588 mine,
406 2505 492 2598 quod
513 2530 550 2572 cx
574 2503 668 2596 spicis
693 2501 848 2588 diciderit,
871 2504 1011 2587 renasci,
1034 2503 1171 2574 alvearia
1192 2503 1225 2570 in
1247 2529 1302 2572 ar-

285 2609 416 2678 boribus
444 2609 555 2678 confici
583 2624 615 2675 et
641 2606 738 2678 mella
769 2607 893 2676 afoliis
917 2609 1142 2693 delluere¹⁰⁴),
1173 2609 1301 2702 quibus-

287 2741 360 2782 cum
383 2714 543 2798 conieras,
573 2737 652 2807 quae
681 2714 720 2781 de
743 2711 898 2781 Albaniae
923 2711 1082 2782 fertilitate
1113 2713 1301 2802 relert¹⁰⁶).

287 2820 450 2906 Armenia,
481 2820 639 2889 montibus
667 2817 806 2912 repleta,
838 2833 870 2885 et
897 2816 972 2887 olim
999 2818 1123 2887 nivibus
1152 2819 1302 2890 infestata

286 2923 429 3014 suir¹⁰⁶),
454 2949 622 3018 earumque
644 2950 728 2992 nunc
750 2946 874 3016 quoque
897 2922 1025 2991 minime
1049 2948 1117 2992 esse
1140 2943 1302 3022 expertem

285 3053 379 3097 nemo
407 3030 541 3121 ignorat.
558 3035 561 3052 ’
576 3029 780 3113 Moneamus,
811 3053 914 3121 neque
939 3026 1121 3114 Thraciam,
1145 3045 1192 3098 tot
1213 3048 1301 3100 vete·

283 3158 356 3200 rum
385 3133 561 3202 maledictis
590 3133 796 3219 cumulatam,
826 3133 887 3202 vite
914 3149 947 3202 et
974 3134 1078 3203 mitius
1102 3135 1222 3204 caelum
1245 3164 1298 3206 ex-

285 3237 489 3334 poscentibus
520 3237 637 3330 plentis
663 3238 812 3322 caruisse,
837 3264 906 3306 cum
930 3238 969 3307 de
991 3264 1028 3307 ea
1050 3239 1300 3334 Pomponius

286 3341 393 3411 Mela
424 3341 591 3422 dicat¹⁰⁷).:
621 3343 745 3464 xRegio
775 3369 837 3411 nec
861 3344 957 3413 coelo
982 3345 1094 3427 laeto,
1124 3371 1186 3414 nec
1209 3350 1299 3434 solo,

287 3568 351 3632 103)
376 3568 441 3620 Xll.
459 3583 488 3639 p.
508 3565 570 3624 tls.

284 3669 519 3744 tmmpm

284 3781 349 3858 tos)
371 3782 423 3832 xt.
443 3795 473 3850 p.
492 3786 554 3837 tor.

287 3886 350 3952 106)
375 3885 605 3956 Xenophont.
632 3863 761 3944 Anabu's.
788 3889 842 3958 lV,
872 3883 905 3953 lt,
935 3897 960 3946 8.
1007 3885 1153 3944 Diodor.
1181 3890 1300 3948 Siout.

372 3975 501 4038 mma

287 4077 350 4140 tot)
378 4081 419 4128 De
437 4079 490 4128 situ
512 4077 585 4144 orbis·
603 4079 637 4145 ll,
658 4085 683 4134 2.
