2850 4730
290 345 633 422 observationes
656 355 697 413 et
716 348 946 436 opiniones.
1081 359 1123 424 83

120 523 262 616 regione,
290 547 360 592 cum
382 523 501 591 eodem·
514 538 655 641 tempore
675 522 709 590 in
729 523 874 592 inferiore
897 527 958 595 duo
979 533 1126 602 contrarii

121 630 197 698 flare
218 629 437 722 nequeant⁸⁷).
482 626 546 694 Adi
568 626 662 694 etiam
684 628 927 716 Aratum⁸⁸).
1005 685 1008 693 .

208 775 251 788 -
274 773 318 784 -
339 771 383 795 -.-
405 731 520 801 Kal
499 727 621 802 οπιιότε
642 735 739 800 col'
721 759 770 826 ρο
791 729 941 819 μένωσιν

165 835 264 934 Αὐτῇ
286 834 338 906 ἑνὶ
359 831 455 930 χώρῃ
476 832 640 956 νεφέλαι,
646 830 754 905 told
776 833 919 906 ἄλλαι
904 837 952 907 en'
973 839 1112 940 αὐτῇς

175 944 226 1039 Τῇ
247 940 312 1030 μέν
333 936 574 1032 ἆμειβόμεναι,
594 967 636 1031 19
625 935 691 1008 'd
713 937 877 1022 ἐξόπιθεν
896 947 1097 1039 φορέονται.

38 1116 41 1124 ,
122 1047 232 1115 Etiam
255 1042 625 1137 Theophrastus⁸⁹)
649 1043 702 1126 ait,
726 1044 996 1117 interdumnubes
1019 1069 1128 1120 contra

123 1167 248 1220 ventum
278 1147 369 1232 ferri,
397 1162 430 1214 at
458 1147 492 1214 in
512 1145 640 1240 singulis
662 1162 785 1216 taumm
806 1147 898 1235 locis,
925 1152 1021 1222 veluti
1036 1159 1129 1248 apud

121 1253 245 1345 Aegeas
276 1253 311 1321 iu
336 1250 545 1333 Macedonia5
584 1275 772 1346 causamque
800 1253 902 1339 affert,
938 1259 1010 1350 quia
1042 1263 1127 1332 venti

122 1359 162 1428 ad
184 1357 376 1427 editissimos
404 1371 526 1424 montes
550 1356 675 1450 appulsi
705 1382 771 1425 uon
794 1375 942 1452 superata
964 1361 1125 1436 altitudine

121 1479 205 1531 retro
226 1466 401 1544 flectantur,
425 1459 546 1552 sibique
568 1461 742 1530 adversarii
762 1461 882 1547 uellent,
903 1478 938 1531 ut
959 1466 1059 1538 nubes
1079 1471 1127 1539 in·

123 1565 255 1637 ferieres
282 1567 318 1634 in
350 1564 541 1633 contrarium
565 1580 692 1657 raptent
713 1581 745 1634 et
766 1582 902 1636 verrant.
946 1567 1035 1638 Idem
1062 1573 1128 1642 ficri

124 1671 158 1751 in
180 1669 295 1751 etesiis,
317 1693 388 1736 cum
407 1665 653 1732 luculentissime
677 1669 878 1758 apirent⁴‘').¹
946 1719 949 1730 .
1006 1709 1012 1722 ·

213 1773 251 1840 lu
279 1768 462 1864 regionibus
469 1791 493 1851 ‚·
511 1789 590 1860 quae
620 1768 781 1838 montibus
810 1773 1019 1846 circumdatae
1048 1795 1129 1867 snut,

124 1879 191 1948 fere
212 1875 316 1944 nullos
339 1875 460 1970 spirare
481 1889 609 1958 ventos,
639 1873 903 1966 quemadmodum
924 1877 956 1944 iu
981 1878 1130 1952 Thessa-

125 1984 171 2052 lia
185 1997 216 2050 et
231 1979 433 2062 Macedonia,
455 1994 565 2048 auctor
583 1993 629 2046 cst
645 1975 954 2070 Theophrastus
968 1984 1021 2064 ⁴¹).
1051 1986 1129 2056 Ma.

126 2088 225 2156 iorem
248 2107 303 2152 cos
325 2084 477 2178 impetum
502 2082 653 2168 nancisci,
681 2081 735 2150 ubi
764 2101 981 2175 perangusta
1008 2087 1129 2160 incitati
1246 2175 1249 2184 Ι

126 2190 279 2274 serantur,
324 2186 482 2256 alfinnaut
525 2184 848 2272 Aristoteles‘²),
891 2188 1128 2287 Theophra-

130 2311 211 2364 stus
226 2295 288 2378 ⁴⁸),
310 2290 962 2394 AlexandcrAphrodisionsis⁴⁴),
1007 2297 1061 2365 Ad
1076 2323 1127 2368 cx

131 2415 263 2467 tremum
285 2391 393 2466 omncs
414 2394 690 2466 vehementissime
713 2397 835 2488 spirare
857 2395 952 2468 rcfert
973 2399 1128 2471 Aristo·

128 2561 339 2578 ψ

200 2670 246 2726 xit
272 2665 480 2740 Hesychius
509 2682 539 2721 v.
565 2659 798 2737 dvmopotnoooc·
822 2662 961 2725 ducentae
983 2670 1131 2743 λεγόμενος.

200 2752 286 2814 Adde
302 2752 486 2810 Plutarch.
506 2751 541 2808 de
557 2769 652 2824 praec.
669 2753 748 2824 polit.
768 2770 792 2808 o.
807 2761 852 2810 31.
887 2754 984 2808 Aliam
1001 2758 1133 2826 phaeno-

200 2862 308 2898 menon
324 2838 491 2912 explicandi
508 2838 588 2895 viam
605 2837 751 2906 ingressus
763 2847 805 2892 eat
818 2837 1048 2907 Aristotelea,
1067 2859 1133 2899 oum

202 2938 303 3001 pergat
326 2928 418 2982 Probi.
438 2927 554 2988 XXVI,
581 2930 614 2980 1:
642 2921 759 2976 fortasse
783 2922 815 2977 id
838 2923 946 2980 idcirco
966 2923 1041 2996 fleri,
1066 2931 1134 3003 quia

204 3014 330 3078 caecias,
348 3028 415 3067 oum
432 3009 483 3065 alii
499 3005 578 3065 venti
589 3017 663 3062 rectu
674 3007 751 3063 linea
763 3009 895 3077 serantur,
914 3013 1044 3085 γραμμήν
1061 3019 1138 3072 ποιεῖ

203 3101 242 3178 τῇ
259 3097 332 3172 φορᾷ
347 3096 383 3154 cd
401 3095 479 3154 κοῖλα
495 3093 564 3165 nodo
580 3093 634 3164 τήν
650 3093 702 3167 γῆν
720 3096 842 3166 ἔχουσαν,
867 3115 923 3174 que
947 3100 983 3155 de
1005 3117 1039 3157 ra
1059 3102 1134 3160 iutra

204 3197 311 3264 agatur.

135 3299 184 3370 37)
209 3296 264 3355 cir.
283 3309 368 3367 supra
384 3270 444 3348 noi.
463 3301 488 3350 t.

138 3409 185 3474 38)
209 3405 326 3459 Dionem·
345 3417 375 3458 v.
393 3398 456 3456 286·
473 3414 535 3472 sqq.

139 3513 187 3582 ao)
211 3515 253 3563 oe
268 3509 365 3564 omos.
383 3507 409 3574 §.
422 3483 527 3578 οῖ’-οε,
544 3520 573 3574 p.
588 3502 648 3564 768.

139 3614 188 3687 110)
213 3616 322 3669 Γίνεται
340 3611 369 3666 dd
387 3606 465 3667 τοῦτο
484 3605 588 3676 σχεδόν,
606 3602 673 3662 ὅταν
689 3599 886 3676 λαμπρότατοι.

139 3722 190 3792 l1)
215 3727 258 3775 De
275 3735 367 3774 consa.
385 3719 512 3790 plantor.
522 3721 557 3780 V,
577 3719 619 3781 12,
639 3717 664 3775 7.
684 3731 712 3785 p.
723 3713 783 3773 567.

141 3827 189 3897 112)
214 3822 308 3880 nott.
316 3825 423 3890 XXVI,
441 3820 485 3882 lta.
505 3816 606 3894 9945,
624 3818 654 3875 b.

142 3930 190 4004 la)
214 3932 361 3987 Deventia
379 3933 440 4000 Μ.
458 3945 488 4001 p.
501 3933 562 3990 758.

144 4035 193 4109 ll)
217 4036 311 4093 Probi.
322 4039 345 4106 1,
362 4039 406 4098 70.
