2824 4746
453 328 765 398 mutationibus.
1051 333 1131 418 241,

97 501 168 572 sert
192 501 406 572 Commodum
429 493 675 576 Marcomannis'
693 493 839 572 frumenti
857 506 982 574 'tributa
997 507 1112 599 ¹impo-

98 608 220 676 suisse.
266 605 379 702 Neque
401 633 502 678 avena
525 609 631 693 deluit,
655 611 694 678 de
717 633 780 702 qua
802 607 960 676 Plinius
981 613 1023 691 ⁸⁴)
1049 612 1109 680 ait:

9 751 10 754 π
101 712 321 780 Germaniae
350 713 475 802 populi
500 724 616 780 sonent
644 737 737 798 eam,
774 719 883 806 neq'ae
910 714 982 782 alia
1011 717 1112 806 pulte

98 816 241 907 vz'ount3
262 841 364 908 nequo
378 816 539 901 hordeum,
563 840 609 884 ex
624 840 689 909 qua
714 815 965 906 autsrumonto
991 822 1109 900 (Secali

9 997 11 1008 ‚
94 918 217 986 cereali
233 918 284 998 L.)
308 922 343 986 in
366 922 538 1013 quandam
553 904 807 990 similitudidem
831 922 900 990 rini
919 935 1111 1014 eonuptum

91 1024 207 1115 potui
224 1023 399 1092 hamorem
416 1027 703 1115 praepamnt⁶⁵),
733 1049 834 1117 neque
856 1025 1000 1113 triticum,
1024 1031 1109 1122 quod

95 1126 176 1195 inde
199 1128 359 1220 suspicor,
388 1129 461 1223 qnia
482 1155 638 1225 nusquam
666 1129 804 1200 abluisse
837 1129 949 1198 diserte
985 1133 1107 1219 dicitur,

97 1255 203 1324 neque
240 1231 416 1324 raphanus,
454 1261 548 1329 quem
585 1237 665 1304 adeo
702 1233 821 1325 frigore
858 1237 995 1326 gaudere
1013 1239 1108 1308 dicit

95 1334 259 1402 Plinius
275 1337 335 1422 ⁰⁶),
372 1348 410 1406 at
433 1339 469 1407 ia
501 1338 690 1409 Germania
717 1337 900 1428 irffantium
923 1363 1109 1429 puerorum

96 1438 370 1529 magnitudinem
396 1455 533 1536 aequet,
562 1469 661 1538 neque
690 1444 785 1527 siser,
822 1465 921 1534 quem
952 1446 1108 1515 Tiberim

91 1545 263 1635 princeps
287 1546 495 1630 nobilitavit,
512 1547 685 1640 flagitans
714 1571 792 1616 eum
823 1546 978 1616 omnibus
1004 1551 1104 1616 annis

97 1674 120 1716 e
140 1649 392 1735 Gennania⁸²)‚
415 1677 515 1747 neque
531 1654 773 1744 asparagus⁶⁸).
810 1650 893 1718 Inde
901 1651 1006 1736 etiam,
1021 1654 1107 1746 quod

98 1753 203 1836 vites,
234 1754 273 1822 ab
304 1755 492 1851 imperatore
513 1755 624 1823 Probo
652 1754 694 1822 ad
720 1753 830 1843 Rheni
851 1752 939 1846 ripas
970 1755 1105 1849 primum

9 1887 10 1924 t
97 1857 325 1953 plantatael'),
348 1873 567 1954 provenerunt,
591 1857 734 1948 colligas,
759 1856 965 1926 Germaniam
986 1885 1103 1952 nequa-

9 1945 11 1998 ἑ
97 1987 196 2054 quam
212 1978 368 2057 expertem
382 1962 480 2032 fuisse
495 1962 674 2048 fertilitatis,
698 1987 761 2055 qua
782 1979 887 2030 tamen
910 1963 991 2032 iusto
1014 1963 1102 2054 igna-

97 2066 224 2149 viores,
252 2091 353 2160 neque
382 2067 444 2134 nisi
469 2065 553 2136 bello
584 2080 615 2135 et
643 2069 769 2138 venatui
790 2065 1003 2136 incumbentes
1026 2091 1101 2160 pro·
1129 2059 1131 2068 '

99 2170 152 2239 avi
182 2171 281 2237 nostri
303 2195 368 2238 non
389 2171 564 2240 utebantur.
609 2170 662 2240 De
686 2172 798 2240 Suevis
821 2170 905 2240 enim
935 2172 981 2239 ait
1003 2171 1102 2239 Cae·

99 2277 244 2352 sar⁷⁰):
282 2275 422 2342 Privati
450 2299 495 2344 ae
522 2276 680 2364 separati
704 2277 783 2366 agri
809 2277 907 2366 apud
936 2299 995 2343 eos
1011 2275 1108 2346 mittit

9 2369 10 2414 ³
99 2390 172 2458 est,·
210 2402 318 2475 neque
340 2379 471 2470 langius
495 2403 585 2446 anna
612 2403 787 2446 remanere
809 2403 874 2446 uno
897 2379 933 2446 in
956 2378 1031 2445 loeo
1054 2378 1102 2444 ia-

9 2503 10 2528 *
102 2483 242 2551 colendi
266 2505 374 2550 eausa
405 2484 504 2576 ticet,-
542 2484 581 2552 de
611 2483 756 2550 omnihus
785 2480 956 2552 Germanis
985 2480 1101 2550 Taci-

9 2665 10 2674 ἵ
100 2605 161 2656 tus
180 2585 371 2676 ¹¹)21Agri
396 2610 459 2676 pm
488 2612 628 2656 numero
661 2589 829 2657 cultorum
859 2585 903 2652 ab
936 2585 1100 2656 universis

9 2681 11 2702 '
94 2715 163 2781 per
181 2690 269 2758 vices
293 2701 517 2780 occupantur,
539 2715 624 2784 quos
640 2690 835 2760 mar'inter
856 2713 896 2757 se
917 2689 1101 2756 secundum

9 2805 10 2828 ³
97 2794 327 2886 dignationem
337 2797 542 2884 partiuntur.
586 2793 807 2864 Facilitatem
820 2792 999 2883 partiendi
1010 2815 1101 2861 cam-

24 2925 32 2939 .
95 2900 218 2989 porum
240 2901 355 2986 spatia
372 2912 571 2988 praestant.
613 2902 712 2968 Arra
729 2924 796 2991 per
814 2920 923 2972 annos
945 2905 1100 2972 mutant,-

98 3016 132 3072 et
155 3012 314 3092 superest
332 3027 433 3100 ager5
455 3029 517 3078 nec
539 3005 626 3078 enim
649 3030 725 3076 cum
748 3005 901 3077 abertate
924 3011 957 3070 et
981 2999 1101 3092 ampti-

101 3175 308 3186 Μ

9 3269 14 3276 Ι
117 3300 148 3371 d)
171 3303 275 3356 Histar.
291 3309 384 3358 natur.
401 3271 504 3368 xltltt,
525 3299 570 3359 dd.

116 3415 132 3466 5

99 3305 116 3360 6

95 3418 115 3472 5
133 3409 147 3479 )
170 3406 282 3462 Tacit.
303 3411 434 3463 Gerraan.
452 3414 532 3464 a.23.

9 3497 10 3506 ,
100 3514 148 3584 66)
171 3516 274 3568 Hister.
292 3523 389 3568 natur.
412 3515 492 3580 XIX,
512 3516 555 3580 26,
574 3515 601 3570 lt.

100 3604 399 3690 mmmm

104 3728 149 3796 os)
174 3724 246 3779 niu.
264 3727 346 3796 xus,
364 3711 424 3782 te(

9 3841 10 3896 J
104 3833 151 3901 69)
175 3829 320 3902 Vop'lso.
338 3831 424 3887 arob.
442 3848 467 3890 o.
479 3841 521 3897 19.

9 3947 10 3992 4
107 3942 150 4006 70)
164 3943 216 4002 ,De
233 3935 297 3992 bett.
313 3938 386 4008 goti.
403 3939 453 3996 tv,
473 3947 498 3996 l.

9 4063 10 4080 ¹
108 4043 151 4109 tl)
163 4100 166 4108 ,
177 4049 308 4100 German.
329 4059 355 4098 o.
369 4043 413 4104 26.
