2824 4746
693 308 755 376 De
776 309 916 376 Zanes.

603 919 610 933 ·
681 863 823 966 &illle
854 863 958 952 XL

601 1011 1009 1140 Ollmatologia.

742 1233 772 1318 S.
803 1233 857 1299 50.

603 1421 608 1432 ,
683 1351 750 1419 De
770 1353 912 1420 Zonis.

391 1493 460 1562 Iarn
487 1491 529 1560 ad
557 1489 645 1559 illam
673 1491 818 1586 opusculi
844 1507 969 1586 partem
999 1489 1189 1575 accedimus,
1218 1491 1306 1561 cuius

304 1597 520 1692 argumentum
542 1593 653 1690 procul
682 1596 780 1665 dubio
807 1597 937 1666 maximi
967 1623 1035 1666 esse
1062 1595 1212 1666 momenti
1243 1595 1305 1666 cui-

304 1705 349 1771 vis
373 1701 538 1772 videbitur.
582 1701 697 1794 Agitur
724 1701 808 1769 enim
832 1702 870 1771 de
895 1703 1099 1798 quaestione,
1118 1718 1224 1770 utrum
1248 1698 1308 1768 soli

301 1809 448 1902 adrisque
470 1805 637 1902 temperies
659 1805 692 1876 in
716 1807 851 1902 singulis
867 1824 970 1876 terrae
991 1806 1068 1876 locis
1091 1807 1131 1875 ah
1154 1804 1212 1873 illa
1233 1805 1307 1873 inde

299 1929 411 1997 aetate,
434 1939 470 1980 ex
493 1937 555 2006 qua
577 1910 653 1981 libri
681 1913 792 2009 scripti
815 1914 857 1983 ad
880 1938 939 1983 nos
961 1925 1181 2008 pervenerunt,
1204 1926 1306 1979 muta·
1406 1900 1407 1940 ³

298 2015 401 2082 tiones
434 2013 579 2096 subierit,
615 2041 657 2084 an
685 2043 785 2086 secus.
829 2019 877 2088 Ut
905 2018 963 2086 rite
998 2033 1029 2085 et
1056 2032 1140 2084 certo
1169 2013 1307 2108 quodam

298 2119 410 2185 ordine
433 2119 689 2210 progrediamur,
720 2124 931 2191 necessarium
954 2120 1079 2214 quidem
1101 2118 1194 2184 nobis
1219 2120 1307 2186 ‘vide-
1407 2185 1408 2208 ,

298 2239 359 2306 tur,
382 2245 483 2316 pauca
506 2221 721 2316 praemittere,
746 2227 857 2324 quibus
881 2223 1051 2318 exposituri
1072 2244 1194 2305 sumus,
1226 2222 1305 2314 quid
1392 2265 1395 2270 ·

300 2327 338 2396 de
362 2326 444 2396 atris
468 2341 499 2393 et
527 2323 600 2410 soli,
624 2327 721 2395 maris
745 2347 777 2398 et
798 2330 929 2398 sontium
951 2327 1113 2422 temperie,
1135 2324 1236 2418 deque
1259 2325 1305 2393 di·
1408 2371 1409 2420 ἦ

299 2456 392 2502 verso
421 2431 556 2501 diversis
585 2430 619 2501 in
646 2433 724 2528 locis
748 2434 861 2504 caloris
885 2450 916 2504 et
933 2432 1060 2528 frigoris
1087 2430 1188 2524 gradu
1215 2431 1306 2522 cogi-

298 2535 433 2604 taverint
463 2551 600 2620 veteres:
637 2555 670 2608 at
692 2539 968 2608 nolumussraeim
990 2539 1024 2608 in
1045 2538 1136 2608 initio
1162 2551 1305 2602 nostram

299 2641 338 2709 de
365 2639 422 2708 illa
445 2639 625 2733 quaestione
649 2643 836 2712 sententiam
859 2647 960 2714 tacer'e
985 2643 1120 2727 idcirco,
1142 2640 1219 2733 ,quia
1239 2639 1305 2708 nim

296 2769 410 2839 pauca,
432 2743 514 2813 [acta
535 2747 752 2840 responsione,
785 2749 953 2818 disertiora
972 2765 1004 2818 et
1032 2748 1237 2816 luculentiora
1258 2746 1304 2814 le-

215 2840 219 2849 ’
296 2851 440 2942 gentihus
456 2851 663 2943 apparebunt.
707 2852 907 2921 Arbitramur
922 2853 1014 2938 enim,
1038 2853 1066 2920 si
1087 2877 1205 2946 paucae
1229 2850 1304 2920 illae

294 2954 487 3046 excipiantur
500 2956 699 3042 mutationes,
723 2950 803 3052 quae
818 2983 837 3026 a
851 2975 971 3036 mutata
984 2958 1126 3028 locorum
1147 2973 1180 3036 et
1201 2956 1302 3048 regio-

295 3083 371 3125 num
394 3056 572 3127 conditione
595 3063 783 3156 repetendae
807 3059 895 3145 sun't,
924 3064 1035 3130 eodem
1061 3061 1165 3131 medio
1188 3061 1303 3130 coloris

296 3159 399 3254 gradu
428 3161 564 3251 gaudere
590 3179 723 3254 terram,
755 3192 828 3264 quo<
841 3165 977 3236 Homeri
1004 3182 1125 3250 aetate3
1162 3165 1247 3260 quod
1277 3165 1306 3240 si

294 3261 403 3360 paullo
432 3265 637 3338 confidentius
666 3270 753 3370 loqui
780 3273 945 3359 vellemus,
968 3270 1111 3342 ¹victricia
1136 3268 1304 3362 proditura

295 3395 367 3440 esse
389 3385 517 3440 nostrae
539 3377 711 3448 sententiae
734 3395 923 3470 argumenta
940 3375 1090 3472 persuasi,
1116 3373 1161 3440 ita
1182 3369 1303 3441 sortas-

295 3501 330 3544 se
345 3477 583 3572 exprimendum
599 3506 668 3552 esse
684 3484 876 3567 duceremus,
899 3481 1134 3569 nullamneque
1149 3475 1184 3544 in
1206 3476 1302 3561 aeris,

294 3607 397 3675 neque
429 3583 463 3651 in
497 3580 557 3650 soli
590 3589 740 3680 temperie
774 3585 978 3657 mutationem
1012 3581 1148 3652 subiisse
1184 3598 1302 3650 terram

293 3703 436 3755 nostram
466 3686 506 3754 ab
529 3685 585 3754 illa
606 3690 679 3760 inde
702 3710 817 3780 aetate,
845 3718 920 3787 qua,
948 3702 1021 3782 post
1050 3687 1207 3782 ingentem
1234 3683 1299 3751 rni-

293 3818 378 3878 nam,
406 3793 549 3875 sormam,
579 3817 641 3885 qua
662 3823 745 3867 nunc
766 3799 893 3892 gaudet,
916 3811 1019 3863 terrae
1043 3791 1221 3885 superficies
1244 3811 1297 3856 ac-

294 3897 424 3988 ceperit.
481 3895 562 3979 Sed,
606 3924 646 3966 ne
675 3904 844 3991 grandiore
873 3927 927 3970 ore
956 3895 1098 3992 prolerre
1125 3895 1298 3976 videamur,

294 4023 373 4091 quae
396 4016 480 4068 certo
502 4000 707 4077 fundamento
736 4024 882 4090 careant,
913 4029 993 4074 neve
1016 4003 1204 4072 inveteratae
1234 3998 1298 4067 cui-
