2838 4730
262 251 352 348 118ι
589 355 593 364 ,
667 237 859 345 Caecius.

269 453 415 523 Caecius
445 464 620 525 ventorum
646 458 742 525 solus
764 447 870 520 nubes
893 453 928 520 in
957 473 995 518 se
1021 449 1190 520 retrahit?
1228 475 1274 517 an

160 567 163 580 '
213 637 215 642 ¹
266 555 347 648 quie
368 555 488 623 eodem
510 569 665 652 tempore
692 556 884 628 contrarius
906 556 1020 646 spirat
1048 559 1195 624 ventus?
1228 579 1303 654 anm
1346 601 1349 610 ·

218 713 222 722 .
266 659 348 751 quia
378 658 424 726 ab
448 660 644 732 editissinu's
677 664 761 732 locis
791 661 901 751 spirat
929 660 1048 754 (itaque
1077 658 1276 752 [rigidiorem

267 768 376 832 alitem
405 788 511 834 secum
541 765 640 854 ducit}
672 766 726 861 qui
755 763 811 834 ubi
839 790 910 832 cum
939 764 1088 836 calidiore
1118 762 1275 847 miscetur,

267 867 369 936 nubes
408 867 530 961 gignit).
585 871 758 964 Regiones
797 865 886 940 erim
919 892 1037 937 versus
1077 878 1189 936 ortum
1227 867 1275 932 si-

270 982 331 1040 tae
352 972 511 1042 editiores
542 987 623 1044 sunt
651 999 769 1046 versus
799 973 1011 1043 occidentem
1040 971 1140 1052 sitis‚·
1180 971 1273 1039 euius

270 1075 327 1142 rei
342 1075 503 1144 indr'cium
525 1089 580 1146 est
600 1079 718 1170 ingens
741 1081 849 1147 maris
865 1077 1088 1146 occidentalis
1111 1075 1277 1167 magnitu-

271 1179 315 1248 do
344 1190 379 1246 et
409 1179 568 1250 altitudo.
616 1183 703 1253 Cum
739 1206 813 1251 aero
848 1183 995 1280 desuper
1025 1182 1061 1249 in
1094 1183 1280 1249 adeersum

197 1349 202 1354 .
259 1280 337 1371 flet,
361 1283 487 1352 lineam
497 1286 685 1379 sacitffsua
700 1286 871 1354 delatione
887 1285 940 1382 (τῇ
958 1286 1065 1384 φορᾷ)
1088 1285 1141 1350 ita
1161 1282 1276 1349 inem-
1368 1301 1371 1307 ·

267 1395 395 1472 vatam,
419 1400 458 1457 ut
481 1414 635 1460 concava
652 1413 740 1480 pars
763 1398 880 1456 terrae
902 1388 1115 1479 superficiem
1137 1395 1277 1477 spectet.

268 1488 319 1555 At
342 1513 436 1578 eum,
466 1495 573 1564 sicuti
591 1495 754 1577 dirimas,
784 1504 898 1561 terrae
922 1515 1038 1559 versus
1066 1490 1280 1568 oeet'elentem

271 1591 358 1661 sitas
381 1598 532 1688 regiones
555 1599 698 1696 invadat
721 1608 756 1665 et
777 1597 882 1664 nubes
902 1619 968 1685 per
991 1595 1100 1662 lineae
1124 1617 1210 1665 suae
1232 1594 1278 1685 fi·

271 1721 394 1788 guram
418 1703 612 1788 contrahat,
637 1703 687 1771 ad
705 1726 744 1770 se
766 1725 829 1769 suo
849 1699 927 1768 inde
941 1698 1068 1789 reflexu
1091 1721 1152 1769 eas
1182 1706 1283 1764 vocat

273 1813 309 1869 et
336 1804 489 1893 impellit.
533 1807 641 1895 quue
668 1807 764 1872 salus
781 1805 883 1896 sueit
915 1802 1062 1869 amnium
1093 1809 1280 1868 uentorum.
1334 1829 1336 1834 ·

271 1905 310 1970 ln
338 1906 432 1974 ltalia
459 1907 593 1976 Caecias
623 1931 752 1977 serenus
780 1924 843 1992 est,
872 1907 958 2002 quod
987 1932 1025 1974 ex
1051 1903 1184 1973 Plinii
1211 1930 1280 1972 ver·
1357 1895 1359 1902 ’

271 2009 360 2176 liis')
382 2025 487 2102 patet:
524 2013 687 2084 Narrant
704 2014 740 2079 in
761 2013 876 2082 Panto
903 2011 1065 2079 Caeciam
1086 2010 1122 2078 in
1145 2033 1184 2078 se
1207 2021 1281 2078 tra-

294 2133 352 2180 ere
380 2113 497 2183 nubes.

746 2411 754 2429 .
777 2367 831 2427 22.

532 2367 821 2553 Subsotalnus.
865 2485 1016 2554 Eurus.

359 2639 412 2710 De
442 2639 622 2712 Subsolauo
651 2642 717 2712 sive
745 2638 891 2732 Apeliote
922 2638 973 2708 vix
995 2637 1167 2722 habemus,
1198 2637 1282 2730 quod

272 2747 467 2815 monendum
493 2745 582 2826 εἰτ’).
625 2744 679 2813 De
700 2769 738 2814 eo
760 2742 978 2829 Plinius²)=
1014 2740 1170 2810 Favonio
1201 2765 1280 2808 con-

251 2857 401 2920 trarius
425 2862 493 2938 est,
520 2875 619 2944 quem
640 2850 872 2919 subsolanum
900 2845 1158 2938 appellavimus.
1203 2843 1281 2912 Da-

213 3033 216 3042 ,
273 2963 327 3022 tus
351 2966 404 3022 est
427 2967 540 3037 autem
561 2954 640 3023 huic
662 2966 809 3022 exortus
831 2953 1059 3043 Vergiliarum
1073 2990 1114 3003 —
1131 2971 1197 3016 sex
1213 2947 1281 3015 die-

274 3059 338 3130 bus
367 3070 447 3127 ante
468 3059 585 3128 Maias
613 3057 699 3126 idus.
745 3055 918 3128 Vulturnus
949 3055 1017 3124 sive
1039 3054 1144 3121 Eums
1175 3051 1281 3130 siccus,

343 3337 528 3411 irrepseount.
555 3339 639 3412 'Quin
669 3348 766 3396 tamen
795 3341 937 3396 nonnulla
961 3337 993 3394 in
1015 3337 1052 3395 iis
1074 3336 1131 3393 sint
1154 3332 1281 3401 confusa,

256 3463 259 3468 ·
343 3429 441 3483 nullus
459 3427 570 3484 dubito.

297 3552 327 3620 3)
345 3551 452 3605 Histoe.
471 3563 566 3608 netur.
577 3554 611 3619 11,
630 3551 676 3610 48.

296 3674 325 3741 1)
343 3673 444 3726 Utrum
463 3669 637 3746 ’Λπηλιώτησ
653 3691 691 3729 nn
708 3667 881 3744 Ἀφηλιώτησ
905 3669 942 3727 sit
965 3667 1167 3736 soribendum,
1190 3685 1222 3722 ea
1245 3665 1281 3722 do

341 3775 373 3813 re
396 3757 466 3815 vide
488 3760 663 3818 Haeduin.
687 3760 723 3814 ad
746 3759 839 3818 Plio.
857 3756 921 3814 libr.
932 3758 966 3811 11.
985 3759 1068 3815 Tom.
1078 3761 1100 3812 Ι.
1120 3775 1148 3830 p.
1158 3759 1219 3836 221.
1236 3755 1282 3808 od.
1370 3807 1377 3822 ‚

344 3844 430 3901 Puris.
449 3845 527 3905 1685.
545 3843 573 3904 lt.

294 3964 324 4034 2)
340 3967 451 4021 Hister.
471 3979 567 4044 natur.
578 3969 612 4036 Π,
631 3966 676 4028 tu.
