2850 4730
297 331 338 400 52
519 311 716 386 Aurorae
738 313 931 382 borealis
954 315 1069 406 opud

297 503 362 572 iius
390 485 589 565 mortalium
620 491 737 560 timori
762 501 828 570 est)
858 489 1061 572 incendium,
1097 492 1148 559 ud
1181 503 1301 566 terres

295 605 422 674 cudens
449 599 537 668 inde.
564 637 607 649 -
633 601 747 688 Atque
773 594 859 662 haec
887 617 948 686 ego
982 596 1110 662 statis
1139 606 1299 688 tempo-

293 708 403 778 ribus
435 711 628 784 uuturoe,
654 709 698 766 ut
729 710 900 767 coetera
929 698 1116 767 arbitror
1138 704 1298 772 existe-

292 814 409 896 re¹').·
436 830 519 889 nou,
548 815 587 872 ut
611 803 764 896 plerique
793 802 894 870 uariis
919 802 962 870 de
988 802 1115 888 causis,
1137 829 1223 897 quos
1246 808 1296 875 in-

291 915 470 1010 geniorum
491 931 635 979 acumen
657 907 805 998 coguut:
837 908 961 998 quippe
982 909 1166 997 rugentium
1186 911 1260 978 mul
1279 953 1292 964 -

290 1045 364 1088 mm
378 1017 526 1110 suerunt
545 1011 762 1103 pmeuuutio.
785 1051 826 1065 -
851 1053 894 1066 ·-
920 1012 1123 1080 Ruritute
1152 1025 1295 1082 aulem

291 1120 506 1192 oecultum
551 1139 696 1184 eorum
732 1139 823 1184 esse
859 1117 1078 1198 rationem,
1112 1117 1296 1209 ideoque

289 1248 369 1295 nou
391 1223 501 1290 sieut
522 1221 655 1288 multo
676 1220 763 1286 olio
785 1219 910 1288 nosci.
948 1218 1024 1290 Alio
1046 1219 1294 1301 loeoreferuo:

288 1331 419 1399 Lumen
449 1325 492 1392 de
523 1324 619 1392 coelo
642 1335 746 1392 noctu
768 1324 875 1391 orsum
898 1333 961 1406 est,
988 1321 1026 1391 C.
1045 1324 1203 1408 Caecilio,
1230 1324 1293 1394 Cn.

287 1429 431 1522 Papirio
458 1428 556 1498 Coss.
579 1439 615 1496 et
636 1448 742 1518 saepe
764 1428 865 1512 alim,
890 1437 929 1494 ut
950 1428 1022 1496 diei
1038 1428 1166 1518 species
1188 1440 1292 1498 noctu

289 1535 486 1619 luceret¹⁹).
526 1532 636 1602 Addas
658 1531 925 1612 Lucanum¹⁰):

373 1640 500 1732 Ignoto
522 1638 688 1706 obscurae
711 1637 863 1704 uiderunt
885 1638 998 1706 sidem
1019 1646 1138 1706 noctes

373 1745 682 1834 Ardentemque
709 1742 852 1830 polum
881 1742 1088 1830 flammis,
1129 1744 1293 1836 coeloque

818 1844 974 1914 volantes

362 1949 544 2043 ,Obliquas
563 1971 630 2039 per
651 1945 893 2037 inuuesuces,
915 1951 1108 2042 crinemque
1129 1955 1296 2024 tremendi

369 2055 511 2135 Sideris,
535 2062 570 2118 et
589 2051 687 2118 tem's
710 2062 899 2118 mutantem
920 2077 1024 2144 regna
1047 2067 1200 2124 cometen
1207 2088 1221 2136 ,·
1321 2133 1328 2155 ι

281 2161 337 2255 qui
365 2159 481 2227 diserte
509 2155 564 2242 ait,
597 2156 682 2222 circa
712 2155 822 2250 polum
855 2155 955 2223 visum
977 2181 1049 2225 esse
1070 2159 1216 2227 ardorem
1229 2155 1304 2248 ²¹),⁴

281 2262 360 2335 Non
376 2263 505 2346 mirum,
529 2260 557 2328 si
577 2282 649 2328 raro
673 2275 792 2328 tautum
814 2283 946 2329 aurorae
968 2261 1112 2330 boreales
1127 2264 1285 2335 veteribus

282 2353 567 2463 conspiciebisutur,
590 2389 661 2434 oum
683 2362 776 2434 hodie
800 2387 924 2458 quoque
938 2367 1073 2436 rariores
1088 2367 1153 2438 siut
1174 2370 1209 2468 iu
1222 2370 1310 2481 Itu.
1331 2441 1333 2444 ,

280 2529 492 2543 μ

347 2633 427 2689 hialu
440 2632 566 2707 quodam
579 2630 650 2688 oaeli
662 2632 693 2686 iu
706 2631 806 2701 ulium,
823 2639 856 2685 ut
873 2629 912 2684 ita
923 2631 1027 2700 diuam,
1041 2632 1183 2688 mundum
1192 2644 1286 2692 trans-

347 2721 458 2794 spioere
476 2719 531 2776 sibi
549 2719 684 2778 videntur
701 2727 818 2785 nautae,
838 2717 889 2790 qui
907 2718 939 2771 in
957 2720 1073 2774 australi
1090 2728 1179 2774 terrae
1204 2731 1283 2792 parte

346 2811 472 2864 maculas
489 2810 562 2877 illas,
582 2824 653 2883 quas
670 2803 775 2878 Angli:
800 2801 941 2875 Goolbags
956 2813 1067 2872 vocant,
1085 2805 1280 2877 conspiciunt.

345 2898 399 2950 eir.
417 2894 541 2951 ldeler
563 2891 637 2950 l'J'ber
658 2894 714 2950 dm
735 2894 960 2965 ursprunguml
981 2893 1024 2948 die
1040 2890 1207 2966 Bedeulung
1231 2894 1282 2950 der

344 2987 538 3036 Stemnomen.
558 2998 586 3050 p.
596 2981 658 3040 ³69.

275 3085 324 3157 17)
342 3083 465 3141 liovituo
482 3081 633 3138 Plinius
656 3081 738 3138 naus
760 3083 886 3156 periodis
908 3100 1039 3140 euroram
1062 3085 1205 3144 borealem
1227 3104 1281 3163 ap-

344 3173 461 3244 parere?
1135 3189 1137 3194 ⁴

274 3278 321 3350 18)
345 3280 418 3334 ffist.
437 3285 499 3330 nol.
509 3276 544 3344 ll,
554 3281 599 3333 33.
1072 3343 1075 3351 ¹
1131 3337 1133 3347 ,

272 3388 318 3455 19)
338 3381 421 3457 Quod
440 3381 476 3438 da
493 3382 602 3438 auroris
619 3379 797 3449 borealibus,
824 3382 898 3438 albo
913 3382 1024 3439 lumine
1050 3384 1275 3456 splendentibus,

339 3475 438 3547 quales
464 3468 691 3546 frequentissima
716 3478 866 3542 apparent,
891 3469 1111 3546 intelligendum
1142 3487 1204 3528 esse
1227 3474 1276 3532 vi-

338 3561 429 3614 detur.
547 3585 549 3592 ·
986 3571 989 3578 ·
1052 3563 1059 3568 '

269 3669 316 3734 20)
341 3667 442 3721 Pirous.
451 3669 473 3733 l,
484 3667 545 3723 526.
554 3683 618 3740 sqq.

268 3775 315 3837 21)
339 3770 398 3826 Etsi
417 3788 477 3824 non
495 3771 600 3838 nescio,
612 3771 734 3841 polum
751 3784 768 3820 a
786 3769 877 3841 po'a'tis
895 3767 1122 3841 frequentissime
1140 3781 1270 3843 prototo

334 3858 415 3911 coelo
430 3855 570 3929 usurpari.
607 3860 671 3912 Huu
689 3855 776 3910 etiam
794 3864 920 3927 spectare
938 3854 1084 3923 videntur,
1103 3875 1176 3930 quae
1193 3859 1272 3930 apud

334 3942 503 3999 Ovidium
521 3949 590 4000 Mel.
601 3946 667 4013 XV,
679 3947 739 4005 783·
748 3959 812 4017 sqq.
826 3939 964 4002 Tibull.
979 3943 1058 4014 Eleg.
1069 3945 1105 4010 ll,
1116 3951 1142 4012 5,
1154 3949 1197 4007 73.
1206 3963 1269 4022 sqq.

332 4032 476 4104 leguntur.
