2824 4746
449 297 812 370 Metcoromantio.
1069 305 1130 366 201

125 500 214 556 nus,-
249 499 584 568 quueproeuoscere
597 475 713 564 sinc‘)
735 475 860 545 Iuniae
879 478 987 545 ommi
1005 487 1040 545 et
1061 477 1136 545 scire

126 581 402 672 exquisitissimis
425 581 613 670 dr'sciplims
636 605 704 650 non
717 604 919 673 quemquem
936 603 1044 671 posse
1065 605 1133 650 crc-

126 685 281 756 diderim.
324 688 369 756 At
393 686 548 771 fuerunt,·
568 685 622 780 qui
654 701 775 754 tanturn
806 683 904 752 animi
937 683 998 752 sihi
1029 685 1135 755 lumen

125 789 232 859 inesse
263 790 386 884 opinati
415 806 537 876 essent,
567 805 602 860 nt
631 789 840 860 nondictum
868 788 987 872 solum,
1017 791 1074 858 sed
1102 806 1134 860 et

123 917 284 964 annornm
319 895 517 990 sequentium
553 893 765 964 conditionem
800 916 1007 988 praenoscere
1042 907 1133 986 puta-

125 1014 206 1082 rent,
236 1014 302 1068 tum
330 999 411 1070 inter
432 1015 571 1084 veteres,
605 1014 669 1067 tum
696 997 777 1068 inter
806 997 1004 1068 recentiores.
1053 996 1132 1068 Eius

124 1102 214 1170 modi
250 1119 358 1174 tamen
391 1105 531 1182 virorum
561 1127 662 1196 nugas
694 1102 824 1196 quisquc
860 1101 968 1170 sanior
1003 1103 1134 1196 spernit.

127 1201 246 1294 Qualis
272 1207 375 1280 sutura
398 1209 440 1279 sit
461 1209 632 1302 ingruentis
656 1206 719 1277 diei
740 1206 877 1277 conditio
908 1231 974 1275 non
996 1206 1063 1276 sine
1085 1207 1133 1278 in·
1210 1233 1217 1244 ·

125 1308 207 1377 iuria
240 1336 278 1380 cx
320 1313 424 1384 colore
458 1313 588 1383 orientis
620 1311 697 1382 solis
730 1333 916 1405 cognoscas.
961 1309 1134 1404 Splendide

124 1413 211 1482 euim
226 1421 319 1491 'ortus
342 1419 545 1490 serenitatem
567 1416 779 1511 significat²)‚
808 1415 905 1486 rubro
927 1412 1034 1518 colore
1062 1419 1132 1512 plu·

142 1623 174 1694 6)
197 1625 335 1684 Desidere
352 1626 502 1702 epitheton
519 1629 727 1716 qualecunque,
743 1643 794 1680 ex.
813 1639 855 1696 gr.
872 1625 1019 1696 peculiari.

143 1732 173 1800 7)
198 1733 784 1808 Theophrastdcsigtc.1V,1·1t·.79lt
801 1722 873 1798 ἥλιον
888 1729 940 1798 μὲν
958 1723 1048 1785 civicis
1063 1731 1135 1804 lop-

195 1814 264 1892 rcpdt
274 1828 321 1878 eal
333 1817 372 1892 μή
386 1819 537 1890 morracios
548 1825 592 1873 ecl
605 1813 644 1888 μὴ
657 1818 726 1885 ἔχων
738 1819 850 1888 σημεῖον
859 1811 943 1884 μηδὲν
954 1813 984 1872 ἒν
994 1817 1081 1887 ἑαυτῷ
1092 1819 1137 1876 eri-

194 1901 257 1971 lew
274 1912 409 1978 σημαίνει,
427 1903 507 1960 unde
524 1921 576 1960 sua
594 1903 772 1976 deprompsit
787 1904 917 1958 Aratus
934 1905 1051 1961 Dicsem.
1059 1925 1089 1963 v.
1098 1917 1135 1973 90

195 2007 240 2064 sq.
250 2003 278 2047 et
286 2008 412 2068 quocum
426 1990 610 2048 consentiunt
621 2000 755 2062 excerpta
765 1991 940 2063 cerpentel,
954 1998 980 2048 2.
990 2011 1018 2064 p.
1028 1991 1136 2052 tlsuat

195 2073 424 2151 δ’ἡλιονναθαρὸν
433 2073 689 2136 circumamicitur
698 2081 833 2146 σημαίνει.
851 2076 986 2134 Addel’r
994 2082 1067 2137 ccli
1078 2101 1135 2155 pa-

170 2189 172 2196 >
194 2167 333 2238 rephan,
342 2167 389 2226 lllt
401 2162 537 2240 Kodapeis
545 2165 597 2237 μὲν
605 2156 654 2221 οὖν
662 2172 707 2222 eet
716 2160 920 2222 ieeuuceo'cctce
929 2171 975 2220 nel
983 2167 1081 2241 recede
1089 2179 1137 2229 net

193 2251 233 2326 μή
244 2255 314 2324 ἔλων
325 2255 439 2328 νεφέλην
454 2247 633 2321 α’νατέλλνννῆ
645 2249 731 2306 δύνων
742 2255 867 2322 σημαίνει
879 2249 1027 2312 νατᾶςασιν
1039 2251 1135 2315 acidiae.
1170 2273 1177 2286 ¹

194 2341 284 2399 Plin.
294 2347 368 2398 lltsr.
377 2342 583 2406 natur-XVIII,
597 2343 641 2402 37.
652 2341 697 2394 Ex
705 2338 799 2394 verbis
811 2339 1075 2412 Theophrasti:
1088 2354 1135 2401 καὶ

193 2425 233 2498 μὴ
255 2430 324 2499 ἔχων
349 2433 458 2501 σημεῖον
479 2425 564 2498 μηδὲν
587 2425 617 2480 ἐν
640 2425 742 2494 ἑαυτῷ,
766 2425 939 2498 quibuscum
962 2427 1133 2488 conterende

194 2525 263 2572 sunt
279 2515 384 2574 Arati
404 2518 521 2572 Diosem.
540 2519 594 2578 92²
1056 2531 1059 2538 '

266 2603 347 2672 Μηδὲ
364 2623 392 2656 τι
409 2597 484 2673 σῆμα
501 2604 587 2672 φέροι,
606 2600 731 2670 φαίνοιτο
748 2597 778 2654 dd
795 2597 872 2654 iecit
888 2596 995 2671 ἁπάντη

160 2749 164 2756 ,
198 2687 312 2762 [nieles
336 2686 444 2760 illoc}
463 2691 576 2746 elucere
593 2683 726 2752 videtur,
750 2684 895 2743 veteribus
918 2690 1044 2745 maculae
1067 2693 1136 2752 solis

196 2794 378 2854 nequequam
396 2775 484 2832 inisse
502 2771 670 2848 incognitas,
689 2789 761 2846 quas
778 2781 876 2826 tamen
893 2772 980 2844 primi
998 2778 1136 2848 reperisse

196 2865 333 2920 dicuntur
357 2863 507 2930 Galilei‚
541 2863 675 2932 Kepler
703 2868 732 2913 et
763 2859 950 2914 Scheiuer.
991 2865 1136 2924 Praeterea

196 2953 261 3008 illas
277 2954 402 3006 maculas
422 2951 457 3005 iis
474 2949 555 3023 signa
574 2956 775 3020 tempestatum
792 2946 880 3002 fuisse
898 2945 1039 3005 coniicere
1057 2951 1133 3024 licet,

195 3037 273 3114 qnod
290 3037 448 3095 recentiore
465 3036 552 3092 etiam
570 3046 658 3092 aetate
676 3035 811 3092 nonnulli
833 3035 907 3090 inter
925 3035 1061 3108 physicos
1079 3059 1135 3113 pu.

195 3137 336 3185 taverunt.
362 3125 436 3195 (cfr.
460 3123 572 3200 Voigt
595 3130 687 3182 Neues
710 3125 852 3198 Mcgczin
872 3120 933 3194 fiir
958 3124 1005 3181 die
1026 3131 1136 3186 Natur-

196 3211 480 3272 tundentium
499 3220 526 3270 3.
544 3232 574 3286 p.
584 3223 628 3274 53.
659 3215 753 3270 Gilb.¹
772 3214 949 3270 Anachvll.
970 3233 998 3287 p.
1008 3221 1056 3288 30)
1076 3219 1135 3276 Etsi

196 3321 241 3360 res
259 3300 386 3376 aliquam
403 3299 465 3357 veri
483 3299 607 3371 speciem
627 3318 693 3374 prae
711 3301 825 3368 select,
844 3309 939 3356 tamen
958 3301 1048 3358 donec
1066 3308 1136 3360 alter

197 3400 226 3445 et
247 3387 346 3444 tertius
372 3390 453 3443 locus
476 3386 507 3440 in
525 3398 655 3444 veterum
678 3385 789 3458 scriptis
807 3385 1003 3457 simpertus,
1026 3387 1134 3461 inquo

197 3477 375 3532 macularum
396 3474 465 3532 solis
482 3475 590 3530 mentio
609 3474 760 3541 iniiciatur,
778 3472 856 3528 nihil
873 3473 1011 3528 affirmare
1034 3476 1134 3546 audeo,

199 3572 295 3618 utrum
322 3563 466 3620 veteribus
497 3579 597 3619 revera
621 3561 690 3618 solis
715 3559 843 3612 maculae
865 3560 994 3631 cognitae
1017 3561 1133 3632 inerint,

197 3667 303 3718 neone;
322 3659 351 3704 et
368 3654 465 3707 locum
483 3646 737 3719 Theophrasti
756 3646 864 3718 (quem,
883 3645 926 3699 uti
944 3645 1035 3704 iacere
1052 3653 1133 3720 solet,

197 3739 299 3811 procul
316 3735 404 3792 dnbio
423 3734 574 3806 exscripsit
591 3735 739 3802 Aratus)
761 3732 800 3805 de
818 3731 943 3788 nubibus
962 3735 1133 3796 minusculis

144 3863 152 3882 .
198 3824 267 3883 solis
285 3833 392 3896 partem
412 3822 610 3896 obtegentibus
628 3819 773 3891 explicare
790 3819 899 3888 malim,
918 3838 975 3894 qua
988 3821 1020 3876 in
1037 3827 1134 3900 expli·
1173 3819 1183 3840 '

199 3913 310 3970 catione
328 3926 375 3965 me
393 3909 541 3966 confirmat
558 3908 727 3966 Scholiastes
745 3907 857 3964 Arati.
893 3908 926 3963 ld
949 3912 1050 3966 saltem
1073 3929 1135 3968 cer-

201 4011 263 4058 tum
281 4009 336 4073 est,
354 4015 438 4071 saepe
456 3997 521 4056 illas
539 3998 665 4054 maculas
677 4004 782 4052 tantam
796 3993 900 4052 habere
910 3997 1135 4072 magnitudinem
