2838 4730
543 325 707 394 Auster.
1065 330 1127 394 125

108 507 249 602 suadit,
281 529 328 574 en
350 528 415 598 quo
439 504 541 571 ettam
563 527 632 570 non
655 503 837 593 confestim
866 501 1039 570 vehemens
1067 513 1128 587 est,

123 615 188 681 sed
209 611 323 702 primo
348 609 431 676 lenis
455 607 597 689 incedit,
630 631 706 673 cam
729 615 840 675 oe'rem
858 605 958 696 prius
986 605 1127 674 densam

123 729 158 786 et
192 715 428 784 coacervatum
465 711 585 778 statim
619 733 780 799 superare
812 719 977 801 nequeat,
1027 734 1125 803 quern

124 835 239 890 tamen
263 817 426 907 temporis
449 817 598 909 quodam
614 815 730 905 spatio
744 815 980 905 praetedapso
1004 815 1125 882 dissol-

124 926 177 993 oit.
220 925 319 994 Idem
342 945 420 988 vero
443 922 478 988 in
501 933 594 988 terra
617 919 729 1012 efficit,
758 919 848 986 idem
878 919 914 986 ia
936 919 1037 1005 mari,
1060 919 1125 1008 flu-

124 1029 281 1109 minibus,
305 1027 340 1094 in
359 1025 525 1118 sontibus
549 1037 583 1092 et
598 1025 711 1115 pateis
736 1034 770 1090 et
798 1023 855 1108 iis,
882 1035 1051 1117 quotquot
1081 1047 1127 1092 ea·

124 1145 218 1200 terra
240 1142 441 1212 nascuntur,
472 1130 650 1221 atquibus
680 1128 832 1196 humoris
867 1129 1000 1220 aliquid
1024 1129 1124 1212 inest,

38 1315 40 1322 Α
121 1238 182 1332 qui
207 1235 328 1329 quaeis
351 1236 387 1302 in
423 1258 458 1300 re
479 1235 580 1302 modo
605 1234 697 1322 plus,
728 1231 829 1300 modo
857 1232 967 1299 minas
997 1243 1128 1302 exstat.

127 1341 255 1412 Omnia
279 1363 353 1407 vero
376 1339 464 1406 baec
486 1338 588 1406 estius
613 1337 708 1404 renti
727 1335 793 1402 eim
814 1335 973 1420 sentiunt,
997 1348 1129 1406 etcum

124 1442 419 1536 limpidasuerint,
444 1442 644 1532 caliginosa,
669 1465 747 1509 cum
762 1441 866 1526 sicca,
889 1440 1036 1525 bumida,
1054 1467 1131 1512 cum

114 1549 248 1641 frigida
278 1548 429 1639 donique,
453 1547 570 1615 calida
590 1547 779 1614 redduntur.
828 1544 993 1636 Quaeque
1013 1547 1049 1614 in
1071 1547 1130 1614 do·

123 1654 234 1721 mibus
268 1674 353 1717 oasa
369 1650 495 1740 fictilia
515 1651 551 1716 in
579 1651 673 1718 cellis
691 1650 812 1740 posita
834 1658 929 1731 sunt,
962 1659 1025 1716 aut
1055 1649 1129 1716 aino

126 1769 189 1826 aut
217 1757 286 1824 alia
315 1754 433 1848 quovis
457 1754 587 1845 liquore
604 1754 727 1843 plena,
756 1778 801 1821 ea
833 1751 949 1820 omnia
976 1753 1041 1820 rim
1062 1774 1128 1841 pa-

125 1864 258 1929 tiuntur
281 1857 406 1946 austri,
422 1857 648 1949 formamque
677 1881 777 1926 suam
799 1858 834 1926 in
856 1857 964 1926 altam
984 1857 1131 1946 speciem

127 1972 383 2032 transmutant..
416 1960 463 2026 Et
485 1961 593 2028 solem
616 1973 650 2028 et
667 1963 782 2030 lunam
804 1973 839 2030 et
861 1962 994 2055 reliqua
1015 1962 1132 2030 sidem

129 2069 230 2159 longe
255 2090 358 2158 quam
385 2065 454 2131 sint
472 2075 599 2132 natura
624 2064 804 2134 hebetiora
824 2067 940 2135 reddit
961 2077 998 2135 et
1017 2068 1126 2157 splen-

127 2173 209 2240 dore
225 2173 351 2261 ρήναν.
400 2167 527 2238 Tertius
550 2168 682 2265 denique
705 2187 754 2242 est
771 2170 977 2265 Orphicus
1000 2173 1034 2244 in
1047 2172 1130 2242 Aus-

128 2295 211 2346 trum
233 2274 427 2370 bymnns²⁸),
452 2299 546 2368 quem
568 2273 627 2345 hoc
648 2277 745 2344 modo
768 2274 874 2344 latinis
898 2276 1036 2346 versibus
1059 2278 1129 2346 red·

126 2382 207 2452 didit
226 2382 248 2450 J
256 2405 304 2451 os.
320 2380 520 2473 Scaliger:

210 2539 407 2635 Praecipites
430 2563 536 2622 aurae,
560 2553 720 2605 tranantes
745 2538 830 2606 a'tris
854 2540 960 2624 caulas

213 2647 366 2738 Undique
389 2643 591 2738 pennipedes,
616 2640 770 2734 vertigine
789 2661 938 2740 praepete
959 2661 1099 2728 ovantes,

214 2749 327 2820 Ceditc
350 2748 529 2816 nimborum
551 2765 666 2818 matres
689 2774 759 2816 curn
781 2749 957 2841 ingentibus
980 2748 1104 2818 nimbis.

214 2853 304 2922 Nam
326 2853 412 2919 Iovis
434 2852 492 2920 has
514 2853 604 2918 vobis
627 2853 731 2919 finivit
752 2854 785 2920 in
807 2857 880 2921 abre
902 2867 1006 2946 partes

217 2953 359 3022 Coclites
382 2953 569 3044 imbriparas
592 2954 692 3022 nubes
715 2956 892 3048 permittere
915 2956 958 3026 ad
979 2955 1051 3024 ima.

213 3056 287 3125 Vos
310 3079 431 3148 precor,
453 3055 565 3126 inferio
588 3057 648 3127 hoc
670 3077 809 3130 mactans
832 3061 990 3146 libamine,
1013 3061 1126 3148 Divae,
1191 3041 1196 3062 .

214 3159 338 3228 Terrae
360 3159 451 3228 matri
473 3158 702 3256 frugiparentes
726 3165 838 3234 elicere
861 3166 987 3238 imbres,

127 3312 337 3328 -„,.......-

124 3415 174 3481 ae)
192 3417 293 3483 aym.
314 3419 364 3470 se:

264 3510 415 3588 Λαιψηρόν
431 3508 545 3584 πήδημα
563 3511 598 3570 δι’
615 3511 691 3588 ἠέρος
707 3510 912 3588 ὖγροπᾶρεοτον,

265 3595 383 3658 ’Quamne
400 3598 556 3674 πτερύγεσσι
574 3599 732 3672 θανούμενον
749 3602 822 3658 ἔνθα
839 3608 885 3656 nol
903 3603 983 3672 ἔνθα,

258 3683 376 3748 ”atton
392 3686 438 3746 aiu
456 3688 579 3761 usatites
598 3694 697 3746 notione
714 3684 827 3761 ὄμβροιο
843 3684 966 3762 γενάρχα.
988 3717 991 3724 ·

265 3771 351 3830 Τοῦτο
367 3771 416 3847 γάρ
434 3774 465 3832 ἓν
483 3773 548 3834 Ande
566 3775 606 3835 iet
623 3781 708 3834 otta
724 3782 802 3850 rique
817 3774 988 3854 ηἰρόφοιτον,

262 3856 460 3934 Ὀμβροτόνοοσ
479 3865 592 3938 νεφέλαν
609 3866 639 3931 ἐξ
657 3858 740 3938 ritqor'
752 3862 790 3922 sit
807 3863 899 3936 χθόνα
914 3874 1041 3941 πέμπειν.

267 3953 408 4022 Τοιγάρτοι
426 3948 584 4022 detinenda,
602 3959 702 4024 admo,
721 3951 818 4026 ἶνροῒαι
835 3962 953 4028 χαρέντα

261 4041 384 4106 Πέμπιιν
402 4037 605 4114 ναρποτρόφουο
622 4036 741 4114 ὄμβρους
756 4041 802 4098 ἐπὶ
817 4049 922 4115 μητέρα
939 4047 1030 4118 γαῖαν.
