2832 4740
476 951 617 1052 wo
655 951 784 1040 Vlll.

301 1123 518 1212 ·l)e
605 1107 934 1215 nono.¹

437 1297 464 1330 ²
576 1315 688 1400 §.so

130 1523 135 1532 ι
224 1435 417 1502 'Veterum
439 1434 490 1501 de
511 1436 606 1506 soni
623 1445 780 1503 notura
803 1433 1036 1524 opiniones.

222 1574 333 1668 Pauca
360 1589 482 1644 turtum
508 1589 594 1654 suut,
622 1597 703 1668 quoe
727 1575 767 1647 de
790 1573 862 1644 soni
883 1573 1008 1666 origiue
1026 1590 1060 1644 et
1073 1600 1135 1644 ua-

135 1698 206 1756 tum
238 1678 289 1749 hie
323 1679 481 1747 monenda
518 1677 670 1749 ducimus.
715 1679 883 1771 Corpusne
911 1677 953 1748 sit
981 1703 1057 1762 vor,
1094 1703 1137 1751 uu

133 1782 319 1872 ἀσώματον
348 1783 479 1876 aliquid,
508 1777 628 1876 quierit
655 1781 821 1853 Gellius
838 1785 881 1867 ¹),
914 1798 952 1850 et
973 1783 1028 1853 diu
1055 1782 1136 1852 iuter

134 1905 257 1959 veteres
283 1885 457 1981 quaesitum
479 1903 537 1958 est.
567 1885 733 1976 Posterius,
751 1885 970 1960 *Platonem
991 1901 1023 1954 ot
1048 1887 1135 1958 Ari-

136 1977 320 2064 stotelem
347 1990 506 2066 censuisse
532 1989 679 2076 νήπι’),
706 1992 783 2062 item
811 1991 1086 2062 Democritum
1105 2010 1142 2074 et

135 2097 410 2192 Epicurum³)s
449 2097 536 2194 prius
566 2096 794 2184 stoicam),
823 2097 877 2192 qui
911 2115 1033 2171 motum
1054 2099 1138 2170 auis

142 2387 184 2471 Ut)
208 2391 299 2444 Nocet.
320 2374 405 2442 Attin
422 2389 460 2453 V,
482 2393 523 2449 15.

144 2513 184 2578 ,2)
209 2509 265 2565 etr.
283 2509 466 2566 Plutarch.
485 2508 520 2563 de
536 2507 635 2578 placit.
652 2507 871 2580 philosophlv,
890 2514 924 2564 to
942 2515 971 2561 et
989 2505 1034 2566 lto.
1062 2506 1139 2579 Quid

204 2596 428 2652 Aristoteles
446 2594 482 2647 de
500 2592 565 2649 soni
583 2602 684 2647 natura
702 2600 730 2646 et
747 2601 811 2646 ortu
829 2592 923 2664 deque
936 2593 1140 2663 phoenomenis

205 2684 263 2737 huc
281 2679 490 2754 pertinentibus
508 2679 688 2754 cogitaverit,
714 2677 786 2732 bene
807 2677 945 2749 exposuit
967 2681 1145 2754 Kreyssig'

139 2793 144 2802 ·
184 2769 236 2824 ‹in
253 2766 492 2846 commentaticiis
509 2766 657 2840 iuscripta:
692 2765 849 2821 Aristotelis
871 2763 909 2818 de
931 2767 996 2818 soni
1016 2777 1044 2819 et
1064 2770 1142 2827 vocis

146 2881 149 2888 ·
206 2857 347 2910 humanae
365 2864 471 2910 nutura
488 2865 571 2928 utque
587 2865 650 2910 omn
668 2853 781 2909 theoria.
795 2859 823 2908 Β.
835 2847 914 2920 lips.
926 2854 1003 2915 1793,
1016 2853 1058 2912 (et
1070 2852 1141 2910 iibe-

205 2939 264 2994 rins
284 2939 313 2992 iu
329 2939 414 3007 libro,
433 2941 481 2996 cui
500 2940 615 3006 titulusr
642 2936 963 3012 SprengelBeitriige
975 2956 1028 2996 zur
1043 2943 1141 2997 tiesch.

208 3024 259 3078 cler
283 3025 418 3082 Medicin-
442 3027 495 3082 Bd.
508 3030 530 3081 1.
556 3025 630 3082 llcit.
646 3035 672 3084 2.
700 3045 728 3100 p·
743 3035 795 3086 202
813 3025 894 3102 sqq.)
911 3043 997 3100 quam
1020 3027 1143 3086 conferri

209 3110 342 3168 iubemus
360 3111 396 3167 ab
415 3112 481 3186 illis,
500 3113 551 3190 qui
570 3113 725 3188 intelligere
748 3115 876 3188 cupiant,
895 3114 934 3170 ad
955 3117 1043 3188 quale
1060 3115 1143 3172 lasti-

210 3198 288 3272 gium
307 3216 372 3254 curn
391 3200 462 3256 alias
480 3201 615 3258 scientiae
633 3202 772 3258 naturalis
797 3211 901 3274 partes,
922 3210 985 3256 tum
1003 3203 1143 3278 physicen

210 3286 404 3342 mechanicam
422 3287 565 3344 sustulerit
583 3288 823 3356 Aristoteles,
841 3290 922 3361 adeo,
940 3297 972 3342 ut
990 3289 1085 3362 qualis
1098 3307 1144 3344 re-

209 3371 373 3430 centissimo
396 3374 512 3430 demum
529 3389 601 3432 aero
619 3380 734 3432 exculta
752 3377 790 3432 sit
808 3375 873 3432 soni
892 3373 1017 3436 theoria,
1036 3373 1065 3428 in
1082 3374 1144 3433 eius

209 3460 345 3532 operibus
366 3461 469 3518 diserte
490 3462 651 3534 expositam
674 3459 929 3536 deprehendamus.
952 3461 1037 3534 ¹Cum
1060 3461 1144 3516 accu-

152 3551 157 3558 '
208 3547 296 3602 ratior
313 3549 399 3606 huius
417 3549 459 3606 rei
476 3549 603 3605 tractatio
628 3549 663 3604 ad
689 3548 820 3621 physices
846 3545 1027 3600 mechanicae
1053 3545 1143 3601 histo-

211 3635 283 3688 riam
302 3635 459 3707 pertineat,
486 3636 553 3693 satis
571 3636 708 3692 duximus
725 3634 761 3688 ad
779 3633 860 3689 istam
878 3630 1145 3688 commentationem

208 3720 353 3796 ablegasse
370 3728 514 3793 lentorem,
533 3739 602 3778 mox
620 3723 656 3778 ad
667 3717 830 3778 Aristotelis
847 3718 1067 3792 Meteorologios
1083 3732 1145 3774 am-
1165 3727 1169 3734 '

209 3809 286 3884 plius
303 3811 401 3866 eadem
419 3807 456 3865 de
473 3829 503 3866 re
520 3807 619 3866 ooturi.

158 3934 187 3998 3)
211 3933 395 3987 Plutarch.
413 3935 436 3996 l·.
454 3936 474 3986 1.
493 3935 542 4000 tv,
562 3923 605 3996 l9.

156 4049 189 4118 lt)
213 4053 364 4128 Diogen.
382 4055 498 4120 Lairt.
517 4055 582 4122 vlt,
601 4061 626 4122 l,
645 4061 690 4114 ³8.
