2838 4730
279 297 343 366 tot
634 293 699 364 De
720 282 926 364 imbribus

279 486 362 542 recte
383 471 537 542 imbribus
553 471 648 544 tribui
663 495 683 542 a
697 472 910 570 compluribus
926 487 1084 554 veterum
1105 469 1149 540 ita
1171 466 1296 558 Nilo,

298 691 328 758 3)
351 689 473 830 Xeteres
490 689 564 748 bane
581 701 724 750 noverunt
740 700 853 748 montes
871 687 1026 745 altissimos
1036 687 1219 761 Abyssiniae,
1238 711 1301 747 un-

372 777 497 835 ellilum
511 796 697 854 prorumpere
710 787 739 834 et
756 775 896 834 imbribus
914 785 943 832 et
958 773 1074 832 nivium
1091 776 1301 854 liquefactione

351 863 449 938 augeri
465 877 645 922 censuerunt.
680 869 739 920 lam
757 867 932 922 Homerus
953 865 1054 938 Odysr.
1073 863 1106 934 δ’,
1129 871 1197 927 681:

415 947 480 1024 'Aa
498 948 523 1006 δ’
540 949 580 1008 ais
595 948 747 1026 Aiyirrroco
767 951 901 1008 διΐποτίοι
917 956 1061 1023 ποταμοῖο.

351 1041 416 1093 lion
437 1047 480 1093 est
502 1039 589 1095 buius
606 1039 663 1095 loci
680 1039 774 1096 varias
791 1051 921 1098 veterum
939 1039 975 1094 de
991 1040 1094 1109 causis,
1120 1059 1174 1097 cur
1190 1053 1299 1100 aestate

349 1133 486 1198 augeatur
496 1123 587 1195 Nilus,
605 1134 635 1181 et
646 1134 749 1182 terram
761 1127 891 1202 inundet,
903 1143 1049 1183 recensere
1061 1127 1231 1201 opiniones3
1250 1151 1303 1189 sa-
1344 1163 1347 1168 ·

351 1210 389 1264 tis
414 1207 553 1264 duximus
580 1209 746 1281 potissimos
764 1231 944 1270 enumerasse
962 1217 1052 1270 locos.
1089 1213 1223 1272 conseras
1241 1219 1303 1290 igi-

351 1304 399 1349 tur
416 1295 588 1352 Herodot.
605 1299 648 1365 11,
672 1305 706 1356 28
730 1315 792 1374 sqq.
831 1300 996 1356 Strabon-
1013 1303 1112 1370 xvn,
1131 1306 1192 1368 789,
1212 1304 1304 1361 ouius

351 1382 422 1438 haec
439 1381 529 1440 verba
546 1384 691 1440 adscribo.-
717 1382 757 1439 Oi
768 1386 820 1456 μὲν
838 1378 887 1440 οὖν
905 1383 1013 1460 ἅρχοιῖοι
1033 1387 1158 1457 τοχοσμῷ
1175 1387 1209 1444 sd
1226 1389 1301 1444 πλοῖ·
1412 1455 1413 1462 ¹

352 1491 393 1536 ον,
410 1471 441 1526 οἰ
457 1465 588 1545 dieseos
606 1467 740 1526 αὕτίπται
756 1475 940 1544 γεννηθέντες,
959 1468 1081 1548 ᾔσθοντο
1099 1471 1155 1528 sind
1181 1471 1301 1546 ὅμβρῶν
1363 1544 1365 1547 ¹
1412 1463 1413 1516 Ῠ

352 1553 475 1627 θερινῶν
496 1553 678 1630 πληροῦμενον
703 1553 753 1615 τᾶν
776 1559 877 1616 Νεῖλον
904 1558 954 1632 τῆς
976 1557 1132 1617 Αἰθιοπίαν
1162 1559 1211 1632 τῆς
1237 1557 1298 1617 ἅνω

352 1646 527 1719 κλοζομίνησ,
551 1655 599 1702 eol
621 1643 726 1717 pitseo
748 1648 778 1704 ὲν
795 1652 852 1703 τοῖς
870 1645 995 1718 ἐσχάτοις
1013 1644 1097 1721 ὄρεσι.
1115 1652 1300 1720 ποιοσοιμίνισν

354 1733 384 1790 δὲ
401 1734 459 1790 τῶν
476 1733 587 1808 ὄμβρων
605 1737 760 1806 ποιουμένην
781 1731 841 1790 κατ’
860 1733 950 1808 ὀλίγον
966 1731 1015 1804 τὴν
1028 1732 1215 1806 πλημμοριῒῖοι·
1232 1735 1305 1789 τοῦ·

355 1843 387 1878 το
403 1818 432 1875 xd'
450 1819 551 1891 ὖπῆρξο
566 1817 672 1890 periisse
690 1820 772 1889 δῆλον
787 1823 845 1876 sois
862 1819 971 1876 πλέουσι
989 1818 1037 1876 τόν
1054 1817 1186 1894 Ἀράβιον
1196 1821 1299 1880 ιιίίπον

352 1910 433 1978 μίχρι
458 1904 508 1968 τοῦ
531 1902 753 1976 ιιινναμωφὸροο,
777 1913 823 1961 eal
839 1911 901 1963 voit
918 1907 1134 1980 iporeprropiaost
1151 1909 1223 1980 μετσῖ
1242 1909 1301 1965 ἐλε-

355 1995 465 2062 φάντων
486 1988 582 2061 θήραν
605 1997 653 2044 uel
677 1994 706 2047 εί
726 2011 799 2049 τινες
822 1990 903 2048 ἄλλοι
927 2000 1018 2064 χρεῖαι
1035 1990 1195 2068 παρώξυνον
1213 1995 1299 2055 ἒκεῖσσ

355 2073 455 2150 ἄνδρας
472 2077 697 2146 προχειρίζεσθαι
714 2079 774 2134 roais
792 2080 840 2147 τῆς
851 2077 988 2153 Αἰγὺπτοο
1004 2081 1204 2152 βασιλίσιτούι
1214 2091 1299 2139 Πτω-

355 2159 507 2234 ίεριοϊιιοόο.
544 2158 626 2218 Οὗτοι
648 2163 703 2236 peip
722 2162 887 2236 ἐφρόντισαν
903 2164 960 2219 τῶν
977 2163 1114 2222 τοιούτοιν
1150 2168 1298 2229 Diodor.

354 2249 468 2304 Sicul.
485 2251 508 2322 1,
526 2248 640 2309 38-41.
675 2253 791 2307 Tem-1.
809 2247 960 2322 ple-51.
995 2253 1167 2311 Plutarch
1190 2258 1296 2314 Placit.

303 2363 306 2368 ·
352 2337 511 2409 philosoph.
522 2342 572 2410 tv,
593 2348 619 2398 1.
637 2343 719 2394 Τοιο.
731 2339 782 2394 tv.
795 2355 824 2412 p.
834 2337 896 2401 619.
907 2355 951 2413 sq.
971 2341 1172 2416 bragmentum
1182 2341 1298 2398 Athe-

357 2423 438 2480 naei
461 2428 650 2502 Deipnoaopb.
674 2425 739 2482 libr.
765 2443 820 2482 sec.
846 2435 910 2497 περὶ
933 2421 981 2496 arie
1002 2422 1051 2481 τοῦ
1070 2426 1169 2483 Νείλου
1194 2426 1300 2503 οἰναρί-

357 2530 422 2568 οεωι
448 2515 539 2588 (quod
564 2513 634 2569 olim
661 2511 769 2588 absque
792 2514 915 2572 auctoris
939 2514 1056 2571 nomine
1081 2514 1117 2568 ab
1134 2518 1298 2576 Henrico

357 2601 443 2672 Step
454 2601 546 2656 hano
563 2601 683 2671 editum,
701 2599 825 2674 indeque
842 2601 1017 2659 editionibus
1032 2603 1298 2661 Herodotincn-

340 2747 343 2756 ,
359 2688 447 2744 nullis
461 2687 605 2744 adnexum
616 2699 672 2756 est3
692 2696 801 2760 prostat
818 2699 914 2746 autem
925 2689 1001 2763 apud
1014 2689 1157 2746 Schwei
1166 2692 1298 2764 ghaeu-

361 2793 480 2832 serum
497 2778 581 2831 Tom.
597 2777 620 2829 1.
638 2793 667 2848 p.
681 2774 834 2846 ets-283)
858 2785 887 2830 et
904 2776 1087 2833 Aristidis
1104 2779 1299 2834 Declamatio-

265 2853 268 2858 ’
360 2885 425 2920 nem
450 2867 635 2938 Aegyptiam,
658 2879 731 2940 quae
757 2872 814 2917 tota
839 2861 870 2917 iu
894 2864 948 2918 boo
971 2873 1137 2938 argumento
1160 2875 1297 2938 versatur,

360 2951 444 3005 ouius
468 2961 563 3004 tamen
587 2959 686 3004 auctor
707 2947 785 3003 nihil
807 2948 865 3005 iere
888 2950 951 3007 sani
973 2951 1034 3025 ipse
1052 2952 1179 3024 protulit.
1213 2957 1297 3008 Τοιο.

360 3037 395 3089 11.
420 3053 449 3106 p.
465 3032 621 3092 set-sol.
644 3034 689 3087 ed.
716 3034 825 3108 lebb-¹
849 3038 979 3092 Addatur
1006 3037 1203 3095 Lucretius
1228 3043 1295 3110 (vt,

359 3123 536 3189 tls-tas),
556 3119 607 3195 qui
624 3119 788 3173 dubitanter
810 3125 922 3175 tautum
943 3119 1037 3178 tertio¹
1052 3128 1117 3181 loco
1140 3126 1295 3198 Aethiopi-

358 3222 408 3261 cos
432 3204 537 3262 imbres
562 3215 706 3280 tamquam
725 3206 896 3264 incrementi
914 3227 1030 3268 causam
1051 3213 1196 3285 proponit,
1224 3211 1295 3269 alias

358 3302 462 3360 autem,
481 3309 533 3350 cur
549 3303 652 3348 aestate
669 3306 776 3352 crescat
793 3298 958 3373 campisque
981 3298 1121 3353 redundet
1142 3313 1201 3352 esse
1224 3313 1296 3353 oea-

360 3389 411 3450 set,
428 3391 478 3436 aut
495 3381 564 3456 qula
580 3381 739 3458 Aquilones
756 3394 859 3442 aestate
876 3395 975 3442 contra
984 3387 1055 3444 ostia
1064 3384 1160 3438 flantes
1171 3381 1295 3442 fluvium·

316 3539 319 3546 Ι
360 3481 551 3550 remorentur,
576 3471 669 3528 undas
686 3489 800 3529 sursum
819 3477 920 3530 tollant
937 3485 965 3532 et
981 3486 1093 3530 manere
1110 3481 1226 3544 cogant,
1245 3483 1294 3530 aut

360 3559 428 3634 quia
448 3577 526 3616 mare
543 3559 636 3616 ventis
654 3571 814 3631 permotum
831 3560 909 3624 intus
926 3576 1038 3617 arenam
1056 3567 1128 3628 astat,
1148 3560 1225 3618 itaut
1238 3562 1296 3616 mi-

360 3665 416 3701 nus
437 3647 512 3702 liber
534 3649 572 3704 sit
593 3649 696 3706 exitus.
731 3647 872 3706 Posterior
889 3659 983 3704 tamen
1004 3648 1088 3701 nullu
1113 3648 1174 3705 eius
1199 3651 1293 3705 inore-

359 3733 451 3788 menti
468 3751 553 3788 causa
571 3752 632 3790 essa
650 3734 758 3806 potuit,
781 3751 849 3790 cum
867 3735 930 3790 talis
947 3751 1100 3796 arenarum
1117 3736 1293 3792 coacervatio

360 3835 412 3874 cur
437 3819 524 3874 certis
552 3821 621 3876 anni
646 3821 859 3894 tempestatibus
885 3820 988 3889 redeat,
1013 3821 1137 3898 intelligi
1160 3833 1291 3896 nequeat.

361 3906 580 3977 Pomponius
598 3911 691 3963 Mela
708 3910 765 3979 (De
781 3913 825 3966 sit.
843 3907 932 3976 orb-l,
950 3908 983 3980 9)
1001 3928 1116 3968 causam
1140 3909 1219 3974 addit
1243 3911 1293 3966 in-

360 4002 454 4061 eptam
487 4009 582 4076 neque
613 3992 649 4048 ab
682 3995 738 4052 alio
770 3996 906 4070 scriptore
939 4001 1215 4082 commemorassent,
1243 3998 1295 4054 Ait
