2846 4734
357 335 399 394 et
425 324 634 416 lapidibus
653 327 912 396 matronicio.
1092 327 1132 401 tt

133 513 218 572 caut
238 502 404 595 et'soccs,
429 525 499 571 non
520 503 590 570 nisi
607 513 712 594 quum
724 502 892 574 ¹dccidtutt
915 503 1024 587 ansae,
1053 523 1136 595 qua·

135 609 178 678 tis
207 605 413 678 Germanico
450 606 606 676 Caesare
636 606 872 696 gladiatorum
903 609 1138 697 spectaculum

135 711 265 798 edente,
283 721 427 802 praeter
444 735 510 780 ora
524 710 654 808 populi
664 711 871 784 'meridiane
884 713 1138 786 transcucurrit.

134 816 218 884 Duo
238 839 369 907 genera
384 839 524 898 earum3
555 813 753 903 lampades
771 825 895 884 uocant
905 815 1012 904 plane
1027 815 1139 899 feces,

72 993 75 998 ,
133 920 292 991 alterum.
307 920 470 1004 Bellias,
497 911 600 1010 quale
621 918 886 999 Mutinensibus,
901 915 1004 987 ,mat's
1036 919 1142 993 risum

133 1024 242 1112 cst‘).
285 1023 447 1109 Dictum,
473 1022 682 1116 quodfaces
707 1021 850 1112 aestr‘gic
872 1021 976 1112 longa
984 1020 1140 1113 saciant,

130 1127 253 1220 prt'are
275 1129 416 1198 ardente
433 1137 555 1217 parte.-
586 1124 686 1194 Bolis
712 1148 790 1194 aero
808 1133 983 1214 perpetua
1000 1121 1142 1211 ardens,

135 1230 323 1322 longiorem
363 1231 472 1300 trulrit
509 1230 662 1300 limitem.
712 1229 786 1298 Huc
821 1226 1025 1314 trahendum,
1058 1229 1143 1324 qood

134 1335 199 1404 alio
219 1335 290 1406 loco
314 1336 388 1407 dicit
399 1338 444 1416 ⁶)2
480 1334 626 1430 Clypeus
650 1332 778 1402 ardens
797 1327 841 1400 ab
865 1355 995 1402 occasu
1017 1333 1067 1402 ad
1085 1357 1141 1402 ar-

135 1451 209 1508 tum
222 1442 415 1514 scintillans
432 1437 644 1522 transcurrit,
666 1438 759 1506 Solis
780 1445 917 1520 occasu,
932 1437 972 1506 L.
991 1436 1024 1504 V
1022 1437 1142 1524 alcrr'a,

140 1542 179 1610 C.
193 1545 308 1612 Mario
333 1545 431 1614 Coss.
474 1541 615 1613 Videtur
636 1542 732 1610 etiam
755 1540 924 1633 aliquando
949 1539 1141 1635 phaenome-

115 1641 204 1714 'non
217 1671 296 1716 csso
319 1647 521 1720 observatum
543 1645 653 1712 stellae
675 1645 826 1728 cadentis,
849 1668 929 1737 quae
951 1645 985 1712 in
1006 1645 1145 1736 bolidem
1236 1649 1239 1688 ;
1265 1645 1272 1660 '

138 1749 297 1835 transiret,
312 1748 340 1820 si
354 1749 484 1818 omnino
500 1765 589 1832 vcra,
602 1770 682 1841 quae
696 1745 855 1817 Plinius
869 1746 966 1818 refert
977 1751 1022 1828 '):
1046 1749 1143 1818 Scin-

138 1855 251 1923 tillam
273 1879 297 1922 a
310 1898 312 1904 ·
326 1855 432 1928 stella
455 1855 589 1924 cadere
611 1863 647 1920 et
669 1852 794 1943 augeri
817 1863 932 1920 terrae
961 1851 1145 1944 udoropin·

138 1969 315 2052 quantem,
348 1982 392 2026 ac
415 1969 604 2051 postquam
625 1956 747 2024 Lunae
775 1956 1008 2050 magnitudine
1032 1956 1146 2052 sacta

139 2063 201 2146 sit,
227 2063 387 2132 illuxisse
415 2087 478 2138 ceu
506 2062 620 2138 nubilo
645 2059 719 2128 die.-
752 2059 830 2126 dein
853 2083 930 2128 cum
955 2062 992 2130 in
1014 2063 1146 2132 coelum

139 2191 178 2234 se
200 2168 376 2258 reciperet,
400 2166 594 2258 lampadem
604 2168 759 2260 jactam,
782 2163 892 2233 semel
903 2187 1051 2258 unquam
1059 2189 1145 2257 pro-

141 2271 257 2354 ditur,¹
279 2272 339 2341 Cn.
366 2270 525 2354 Octavio,
551 2270 588 2339 C.
608 2269 787 2338 Scribonio
815 2269 914 2338 Coss.
958 2271 1054 2338 *Vidit
1081 2271 1146 2340 lrac

141 2375 280 2443 Silanus
298 2375 497 2446 Proconsul
518 2367 600 2442 cum¹
617 2375 783 2442 comitatu
806 2395 880 2443 suo.
926 2371 988 2443 Cui
1009 2375 1055 2444 rei
1073 2375 1146 2460 ‘uulf

140 2477 205 2548 lum
227 2478 379 2548 habemus
401 2476 589 2572 exemplum,
615 2477 700 2570 quod
720 2501 902 2572 comparare
923 2477 1095 2572 possimus.

154 2627 157 2636 2
227 2583 404 2678 Lapidibus
420 2583 554 2678 ¹pluisse
591 2581 634 2650 ad
661 2581 799 2652 taedium
833 2605 932 2675 usquc
958 2599 1088 2654 narrant
1117 2600 1148 2652 et
1187 2591 1190 2596 “

140 2705 306 2758 renarrant
339 2687 478 2758 Livius
517 2685 632 2780 aliique
669 2712 775 2758 rerum
812 2687 979 2781 scriptores
988 2689 1026 2768 ⁸).
1072 2687 1147 2758 Huc

168 2930 262 2998 stlte
288 2950 346 3006 quo
368 2935 570 3006 phaenomeno
588 2940 677 3006 agunt
694 2930 783 2987 etiam
799 2932 869 2991 Dio
891 2933 1040 2994 Cassius
1056 2937 1147 2994 xtv.

142 3017 145 3024 '
186 3032 189 3042 ·
215 3035 245 3091 p.
264 3021 326 3080 278.
361 3019 537 3076 Manilius
554 3025 677 3076 Astrom
693 3023 715 3089 1,
735 3017 796 3086 894·
813 3039 877 3098 sqq.

168 3124 200 3192 6)
217 3126 322 3182 Hister.
339 3137 399 3182 nat.
420 3129 455 3194 ll,
473 3123 518 3186 al.
583 3187 585 3192 ,

169 3234 200 3297 7)
217 3227 323 3288 Hister.
341 3244 401 3289 nat.
418 3235 454 3302 11,
475 3240 520 3294 st.

168 3337 198 3406 a)
215 3340 290 3394 tuter
310 3335 383 3395 nior
404 3338 440 3396 of.
465 3339 621 3396 minium
644 3342 709 3398 noe.
727 3315 788 3398 nat.
805 3343 845 3411 11,
870 3344 916 3404 56.
951 3347 1016 3399 lul.
1040 3342 1151 3399 otm-

214 3422 336 3500 quont.
358 3443 383 3481 o.
400 3423 461 3484 llll·
482 3443 512 3498 p.
526 3428 571 3484 61.
592 3425 691 3503 ibique
715 3433 873 3501 lntsrppt
905 3431 1002 3484 Unum
1022 3427 1152 3486 adscribo

215 3511 405 3585 Pomponii
429 3514 543 3568 Molas
566 3515 663 3568 locum
688 3514 746 3586 (de'
766 3502 813 3570 'sit
837 3515 896 3570 orb.
919 3517 960 3582 11,
980 3519 1024 3586 5),
1043 3515 1075 3570 in
1093 3533 1150 3590 quo
1269 3512 1276 3524 '

217 3597 289 3673 hoco
311 3603 460 3675 leguntur:
483 3600 615 3671 Alioquin
639 3603 716 3656 littus
741 3601 827 3670 (inter
844 3599 1003 3658 Massiliam
1027 3613 1056 3658 et
1071 3604 1151 3658 Rho-

218 3684 287 3740 dani
306 3686 391 3755 ostia,
410 3703 487 3742 nuno
515 3692 588 3742 &aa
605 3691 715 3744 d'Arles
732 3693 881 3760 vocatum)
899 3689 1020 3764 ignobile
1038 3701 1087 3761 est,
1105 3693 1152 3747 lu-

217 3771 348 3845 pideum,
359 3791 363 3800 “
375 3785 407 3829 ut
433 3785 553 3842 vacam,-
576 3779 606 3830 iu
629 3797 682 3850 quo
700 3778 848 3832 Herculem
866 3789 966 3833 contra
984 3777 1107 3834 Albiana
1126 3789 1153 3834 et

218 3863 348 3934 Bergion,
365 3863 487 3934 Neptuni
503 3861 612 3932 liberos,
632 3867 812 3922 dimicantem
830 3887 894 3923 cum
911 3870 967 3924 tela
979 3868 1151 3940 dejecissent,

218 3948 257 4006 ot
274 3952 405 4006 invocato
427 3955 491 4006 love
508 3949 640 4008 adiutum
657 3953 746 4008 imbre
762 3954 892 4026 lapidum
902 3953 1012 4028 serunt.
1047 3956 1153 4013 eredas

217 4037 336 4108 pluisse.-
354 4035 425 4096 adea
442 4041 524 4098 multi
541 4043 651 4115 passim
668 4051 697 4098 et
712 4044 768 4108 late
784 4045 886 4099 iacent.
