2838 4730
520 328 560 386 et
580 319 751 432 pruina.
1077 324 1139 396 137
1165 373 1167 381 r

130 492 209 562 iibri
227 493 269 561 de
291 493 415 562 mundo
438 493 568 590 profert,
590 521 661 564 cum
684 495 820 575 dicat‘)r
853 495 984 583 pruina
1006 506 1062 564 ert
1074 489 1139 566 'ros

134 598 381 690 congloriatur.
426 599 817 683 Addit'Aristoteles,
838 598 968 668 maioris
983 601 1064 668 roris
1087 627 1139 671 co·

130 702 217 799 piam
244 719 364 772 aestate
395 703 482 797 gigni
511 708 562 785 (ἐν
591 703 755 796 elocare),
795 703 889 800 inque
920 703 1000 772 locis
1021 721 1140 801 tempe-

129 807 295 876 ratioribus
319 811 370 895 (ἐν
392 807 645 907 εὐδιεινοτὲροις
664 805 810 894 τόποις),
838 823 1006 902 utrumque
1036 828 1140 880 autem

130 927 162 980 et
187 936 293 981 rorem
320 930 352 983 et
379 915 524 1010 pruinam
547 913 691 1011 αἰθρίαις
713 919 773 986 καὶ
800 917 965 1012 νηνεμίας
996 915 1060 1006 [sc.
1081 911 1139 985 οὔ·

129 1020 249 1110 σης“)]
273 1035 393 1088 tantum
408 1021 507 1101 nasci,
529 1020 614 1089 cuius
637 1019 683 1088 rei
705 1019 781 1089 duas
798 1021 890 1089 affert
911 1041 1035 1103 causas,
1059 1019 1139 1088 alte·
1253 1101 1257 1113 ¹

81 1153 87 1166 ·
129 1145 199 1190 ram
226 1123 346 1192 nullum
376 1123 496 1209 attolli,
528 1151 597 1193 cunr
626 1125 666 1193 sit
696 1123 827 1207 sudum,
860 1122 992 1192 alteram
1020 1122 1140 1192 nullum

127 1227 229 1295 ventis
257 1229 452 1324 spirantibus
476 1230 624 1298 sustineri
646 1253 742 1323 posse
764 1227 798 1296 in
826 1235 916 1312 edre,
947 1229 1003 1296 sed
1031 1229 1140 1298 statim

128 1330 271 1401 diffindi.
315 1333 489 1403 Praeterea
516 1332 613 1404 refert
639 1357 743 1401 rorem
770 1332 803 1400 in
826 1331 1044 1402 humilioribus
1068 1350 1138 1403 tan·

126 1449 193 1504 tum
214 1436 292 1508 locis
314 1438 414 1536 gigni,
446 1461 510 1507 non
541 1440 574 1508 in
595 1438 767 1522 montibus,
790 1452 976 1533 propterea,
1009 1437 1083 1531 quia
1103 1438 1138 1506 in
1204 1439 1206 1449 '

127 1539 176 1608 his
205 1540 271 1612 fere
304 1567 430 1644 semper
457 1543 542 1612 venti
572 1543 715 1612 saeviant
724 1545 761 1622 ⁷).
805 1546 925 1612 Notatu
956 1541 1139 1634 dignissima

127 1659 176 1711 est
203 1648 382 1716 observatio
404 1646 662 1731 Aristotelis,
687 1647 722 1715 in
748 1645 835 1714 omni
858 1645 994 1714 Graecia
1024 1661 1138 1732 austro,

126 1773 194 1817 non
223 1751 371 1844 aquilone
393 1751 499 1834 flante,
522 1751 608 1844 gigni
629 1774 750 1836 rorem,
783 1749 878 1844 idque
900 1749 1034 1836 idcirco,
1066 1752 1139 1845 quia

127 1871 235 1922 auster
256 1853 439 1926 calidiorem
462 1861 567 1924 a‘e'rem
584 1856 702 1941 afferat,
724 1853 921 1952 frigidiorem
937 1855 1060 1950 aquilo:
1081 1858 1138 1925 ad·

129 1958 269 2026 dendum
289 1958 414 2044 fuisset,
439 1960 512 2053 quia
535 1960 627 2028 etiam
649 1961 736 2056 prior
757 1960 973 2045 humidiorem,
1003 1962 1137 2057 posteri·

129 2087 167 2130 or
181 2062 291 2156 'magis
315 2063 432 2133 siccum
458 2087 563 2134 secum
578 2065 672 2134 vehat
683 2069 719 2147 ⁸).
762 2065 801 2134 In
815 2064 924 2134 Ponto
946 2081 1050 2158 autem
1065 2093 1136 2139 cum

198 2355 403 2420 memomdrm
426 2355 447 2410 d
468 2374 594 2412 meruere
616 2355 811 2412 descendum!
830 2356 945 2428 jusqu'd
968 2358 1036 2424 37⁹,
1060 2375 1136 2414 cruor

199 2441 313 2516 d'esprit
335 2443 371 2500 de
392 2445 443 2498 vin
467 2461 496 2498 ar
517 2441 640 2516 gelduni
664 2458 703 2496 ex
721 2441 791 2496 edit.
808 2442 991 2498 Pariansians.
1009 2448 1086 2504 1738.
1104 2463 1134 2518 p.

197 2537 242 2598 58,
261 2546 348 2604 quam
365 2539 430 2585 ante
448 2532 547 2585 oculos
565 2527 666 2596 habeo,
684 2528 768 2584 toties
787 2546 848 2584 esso
864 2529 1027 2602 repetitum.

144 2633 177 2709 d)
199 2635 296 2704 Πᾰχνη
322 2631 417 2704 doo'oos
444 2635 588 2706 πεπηγυῖα·
621 2629 792 2705 δροσωεᾰχνη
819 2631 850 2689 dd
872 2631 1011 2706 ἦμιπαγής
1033 2632 1135 2706 δρόσος.

197 2727 340 2780 Postrema
364 2720 453 2777 verba
475 2738 535 2777 non
561 2719 623 2777 sine
646 2720 752 2778 iniuria
775 2721 894 2778 dolenda
912 2728 1007 2776 censat
1025 2723 1133 2794 Kapp.

196 2829 226 2882 p·
238 2811 283 2873 96.
302 2809 356 2864 etsi
373 2807 404 2862 in
422 2806 554 2865 omnibus
572 2809 649 2879 apud
667 2809 871 2863 Bokkerum
888 2800 1035 2858 oodioibus
1052 2821 1135 2878 repe·

195 2895 317 2948 riantur.
352 2883 448 2949 Verba
465 2903 558 2947 autern
574 2883 791 2971 ¹Aristotelis
808 2885 900 2959 πάχνη
915 2891 975 2958 μέν,
994 2883 1133 2950 dum...

196 2976 280 3033 πάλιν
297 2982 397 3050 proonl
414 2978 503 3034 dubio
521 2989 652 3052 corrupta
669 2997 739 3049 asse,
759 2979 840 3034 doust
858 2977 932 3034 alius
948 2981 1030 3037 loeus
1047 2984 1069 3053 Ι,
1090 2990 1134 3040 12.

195 3061 301 3138 11368,
328 3083 358 3134 a,
383 3065 435 3122 ubi
458 3068 529 3124 haee
545 3069 692 3142 leguntur:
715 3065 775 3126 odra
797 3064 848 3142 γὰρ
870 3065 991 3144 παγῆναι
1015 3066 1134 3128 δννατόν

198 3160 264 3224 πρὶν
280 3155 412 3226 γενέσθαι
429 3147 510 3228 ὕδωρ.

148 3263 178 3330 5)
204 3256 252 3316 Ἐν
271 3253 354 3328 εὐδίᾳ,
373 3264 403 3316 in
424 3271 528 3317 uestem
534 3301 542 3330 ,
566 3263 649 3319 sicuti
666 3279 719 3320 nos
739 3263 875 3322 dicimus:
892 3268 924 3322 in
941 3265 992 3323 der
1009 3267 1133 3324 scarnen

199 3349 362 3404 Johreszeir.

144 3457 182 3526 6)-
197 3459 240 3510 Do
258 3453 412 3510 omissione
433 3454 575 3528 participii
599 3454 676 3525 odone
694 3458 743 3512 oft.
761 3457 891 3510 Brunlr.
909 3458 945 3512 ad
963 3458 1131 3529 sophool.

197 3546 231 3596 0.
259 3547 290 3596 Τ.
315 3546 394 3602 1260.
432 3540 613 3600 Matthiae.
643 3549 691 3606 Gr,
717 3563 763 3615 gr.
787 3545 812 3616 ἐ.
828 3542 888 3600 663.
912 3552 972 3634 ¹¹⁰i'
996 3547 1079 3598 Toru.
1093 3545 1130 3600 11.

196 3647 225 3700 p.
244 3637 322 3686 1111.

35 3725 38 3732 '
144 3739 172 3806 7)
200 3735 243 3792 or.
261 3751 347 3810 supr·
364 3738 586 3810 cap.111.§.13.
604 3754 632 3808 p.
646 3745 689 3797 er.

134 3831 172 3914 Ι8)
195 3838 227 3897 ‘O
245 3839 275 3896 dd
292 3847 387 3913 βορέας
405 3845 505 3916 [ποιεῖ]
523 3840 658 3915 χειμῶνα,
682 3843 784 3914 ψυχρὰ
797 3833 867 3917 νὴ·
885 3836 948 3898 ὥστ’
965 3841 996 3896 e'rr
1008 3840 1058 3897 rori
1074 3865 1131 3913 χει-

197 3929 286 4002 μῶνος
304 3931 346 3999 (vi
361 3930 493 4004 frigoris)
511 3932 557 4002 τῆς
574 3926 783 4002 οἶναθυμιάσεωε
800 3936 928 4003 σβέννυσι
949 3929 1002 4000 ’τήν
1025 3929 1131 4006 θερμό-

196 4037 273 4088 vnto.
