2850 4730
294 343 337 411 94
493 336 556 404 De
578 359 715 429 aquae
736 337 780 405 in
800 335 1123 428 atmospbatra,

295 541 355 586 vas
384 512 517 606 apertis
527 513 698 606 fenestris
722 513 891 607 utisignnt,
922 515 972 582 ita
994 525 1034 582 nt
1052 513 1194 582 sublime
1212 537 1296 606 pan-
1411 555 1412 568 ι

294 625 375 690 deut
389 620 546 688 odiliam
568 617 687 686 domus
706 630 856 709 partem,
879 641 981 709 quam
998 629 1114 686 ventus
1132 619 1297 710 adspirat,

294 730 347 796 ita
379 735 418 793 at
438 734 550 792 totum
567 745 634 810 per
653 735 786 792 noctem
813 723 978 814 frigescat
1007 747 1108 814 aqua.
1152 723 1298 810 Deinde,

290 831 495 922 priusquam
524 828 590 895 Sol
609 829 730 912 oritur,
754 828 828 896 solo
840 827 980 920 frigida
1004 851 1097 918 aqua
1124 827 1297 920 bamque·

296 946 350 1018 to,
372 933 463 1026 solia
480 931 621 1024 frigida
648 931 731 998 orbe
759 932 853 1000 circa
877 956 937 999 aas
955 942 1112 1022 ponunt,
1135 943 1197 1000 aut
1222 930 1296 998 vitis

297 1049 361 1106 aut
389 1039 547 1104 lactucae
574 1044 636 1100 aut
665 1034 810 1102 aliarum
839 1036 981 1128 dentque
1006 1037 1224 1126 plantarum,
1243 1046 1299 1102 *ut

295 1163 397 1234 quam
424 1137 612 1202 diutissime
640 1160 731 1228 aqua
750 1135 864 1228 frigus
887 1151 1087 1208 nocturnum
1109 1148 1193 1208 ai're
1220 1163 1299 1208 con·

299 1252 434 1332 ceptum
456 1242 631 1319 ser·tet¹³).
666 1237 787 1308 Narrat
809 1243 895 1334 quod
916 1243 976 1312 hue
991 1245 1123 1340 pertinet
1137 1242 1300 1311 Plutar-

295 1347 386 1417 chus
403 1347 456 1428 ¹‘),
478 1343 597 1412 bomini
620 1341 767 1434 frigidam
789 1368 902 1438 aquam
924 1347 1054 1431 bibenti,
1086 1372 1184 1439 eaque
1201 1345 1240 1429 iu
1261 1370 1298 1412 re

294 1448 472 1535 luxurianti,
494 1445 630 1515 famulos
652 1470 766 1540 aquam
793 1446 941 1541 frigidam
963 1451 1024 1518 hae
1045 1451 1222 1519 reddidisse
1244 1472 1297 1516 ra·
1411 1451 1412 1466 ¹

296 1559 399 1625 tione:
432 1578 499 1639 vas,
528 1575 600 1647 quo·
615 1551 730 1620 bansta
752 1568 836 1620 esset
864 1576 956 1646 aqua,
979 1577 1033 1622 eos
1054 1554 1089 1622 in
1110 1571 1206 1649 puteo
1230 1578 1299 1622 sus-

298 1659 456 1756 pendisse,
478 1660 524 1726 ita
544 1675 579 1726 ut
601 1657 795 1752 superficiem
810 1680 908 1750 aquae
930 1681 997 1726 non
1018 1658 1220 1752 contingeret,
1242 1661 1301 1728 ita-

300 1791 359 1860 que
388 1791 447 1860 per
468 1779 593 1832 noctem
614 1760 792 1854 reliquisse,
821 1761 972 1854 postridie
994 1763 1035 1830 ad
1065 1787 1193 1832 coenam
1220 1763 1299 1829 alla-

299 1889 367 1940 tam
393 1869 509 1934 recenti
539 1891 608 1934 esse
636 1865 841 1960 frigidiorem.
885 1864 981 1933 Cuius
1008 1867 1055 1934 rei
1081 1891 1210 1956 causam
1230 1867 1300 1935 red-

212 2045 217 2056 ,
301 1977 373 2042 dere
404 1985 536 2037 conatur
560 1966 819 2054 Plutarchus,
846 1969 895 2038 rei
921 1987 1026 2040 autem
1053 1947 1211 2040 cardinem
1236 1967 1316 2040 non
1411 2041 1412 2054 ,

300 2092 349 2146 est
369 2090 541 2142 assecutus.
588 2071 695 2138 Causa
717 2072 800 2140 enim
821 2073 909 2141 nulia
931 2073 1007 2156 alia,
1037 2075 1101 2142 nisi
1123 2077 1206 2167 quod
1228 2101 1301 2146 eva-

299 2179 460 2276 poratione
487 2172 629 2266 {rigidior
654 2174 793 2242 redditur
819 2199 901 2267 aqua
929 2177 961 2242 in
982 2184 1054 2243 a'e're
1077 2178 1179 2244 minus
1202 2203 1300 2272 vapo-

298 2284 384 2352 ribus
407 2280 539 2375 repleto,
563 2302 656 2372 quam
676 2277 858 2347 incumbens
879 2278 932 2347 ille
954 2267 1126 2372 superficiei
1149 2306 1260 2374 aquae.

385 2387 551 2481 Vaporem
598 2409 752 2478 aquosum
783 2383 855 2478 ipsa
893 2406 976 2476 aqua
1012 2410 1082 2455 esse
1122 2387 1302 2486 calidiorem

298 2492 458 2562 contendit
493 2487 755 2558 Aristoteles¹
764 2492 805 2570 ⁵2)
839 2489 945 2587 δῆλον
975 2485 1042 2586 γάρ
1070 2490 1123 2562 ὅτι
1152 2495 1193 2614 ἡυ
1204 2493 1302 2585 ἀτμὶς

300 2593 513 2692 θερμότερον
527 2593 698 2674 ὕδατος.
682 2598 760 2684 ε’χει
772 2590 838 2688 yoip
860 2591 901 2664 sd
924 2591 1058 2684 ἀνάγον
1080 2602 1131 2668 ε”τι
1146 2596 1225 2694 πῦρ,
1248 2601 1303 2693 qni

301 2704 384 2797 iguis
406 2727 478 2772 cnm
498 2715 608 2767 nostro
632 2701 745 2766 calore
768 2699 892 2766 latente
914 2698 1067 2791 congruit.

338 2889 342 2898 Ι
389 2805 463 2876 Etsi
490 2803 645 2874 veteribus
667 2825 731 2870 non
752 2802 893 2895 ignotum
916 2819 997 2886 erat,
1035 2805 1298 2894 quemadmodum

204 2973 208 2980 .
303 2913 477 2994 docuimus,
508 2909 730 3002 evaporatione
753 2932 931 3000 supremam
961 2931 1060 3002 aquae
1083 2925 1206 3002 partem
1234 2911 1301 2981 tolli
1411 2987 1412 2998 χ

270 3071 272 3074 ,
301 3030 332 3081 et
354 3014 387 3080 in
409 3019 535 3078 aireum
558 3026 674 3076 statum
691 3012 814 3092 mutari,
836 3037 902 3078 non
924 3027 1029 3080 tamen
1051 3011 1111 3081 bae
1132 3039 1165 3082 re
1180 3014 1302 3085 humec-

301 3115 362 3184 tari
392 3121 497 3180 airem
518 3117 716 3205 putaverunt,
738 3109 794 3178 sed
817 3113 934 3180 siccum
956 3139 1118 3185 remanere
1135 3121 1189 3200 ¹⁶).
1232 3120 1301 3186 Hu-

285 3329 345 3397 .13)
375 3322 482 3378 Eodem
502 3325 587 3380 modo
605 3325 778 3382 etiamnunc
796 3325 828 3380 in
840 3325 1025 3387 orientalibus
1043 3329 1205 3404 regionibus
1222 3339 1251 3385 et
1261 3331 1302 3387 in

369 3410 506 3484 Hispania
524 3429 627 3487 aquam
645 3411 757 3468 incolae
773 3412 938 3488 refrigerare
957 3420 1055 3482 solent,
1076 3414 1126 3468 ubi
1138 3431 1215 3483 vasa,
1235 3417 1304 3491 qui-
1338 3453 1344 3466 .

369 3501 424 3558 bus
441 3501 517 3555 hane
529 3499 562 3554 in
574 3519 634 3556 ram
648 3510 776 3569 utuntur,
794 3501 1014 3558 Aloarrazas
1031 3517 1132 3557 vorare
1150 3505 1253 3558 solent.
1266 3504 1302 3558 es.

367 3590 495 3646 Annales
517 3590 549 3642 de
574 3589 661 3643 otim.
681 3592 763 3644 Tem.
780 3591 875 3645 XXV.
900 3609 930 3662 p.
946 3591 1004 3648 167.
1023 3591 1144 3646 Journal
1162 3590 1198 3647 de
1214 3592 1300 3662 Phys.

369 3677 514 3738 ,Tomvn
534 3683 636 3746 pets.
656 3674 747 3730 Gilb.
765 3679 872 3732 Annul.
881 3680 927 3730 111.
946 3681 1045 3747 p.230.

301 3771 348 3839 ii)
375 3778 485 3841 (tuaest.
502 3775 689 3844 Sympos.V1,
709 3770 735 3829 d.
772 3776 855 3830 Τοιιι.
865 3776 913 3828 111.
931 3789 959 3843 p·
970 3769 1031 3832 834.
1048 3791 1114 3849 sqq.
1194 3836 1196 3844 y

301 3871 349 3938 15)
372 3870 584 3940 Meteorologd,
606 3878 648 3927 10.
667 3888 696 3941 p·
706 3869 768 3938 317,
787 3888 813 3926 a.

301 3973 347 4041 16)
371 3975 426 4029 cfr.
447 3974 599 4030 Aristot.
619 3973 817 4043 ProthXV,
836 3985 862 4034 3.
881 3993 909 4047 p·
919 3982 982 4044 938,
1002 3995 1027 4033 a.
1045 3985 1073 4032 et
1092 3991 1165 4050 quae
1182 3993 1235 4035 nos
1251 3995 1302 4035 su-

368 4073 419 4128 pra
438 4061 505 4130 Gap.
514 4063 562 4115 111.
581 4061 607 4128 §.
619 4067 663 4116 11.
680 4071 797 4124 extrem.
816 4063 990 4120 monuimus.
