2824 4746
300 281 376 396 2l6'
659 322 722 389 De
744 322 956 412 climatum

301 501 371 596 gelu
393 499 516 594 lapides
539 499 849 594 essedisruptos⁹⁰).
893 500 977 570 Cum
998 503 1212 574 Strabonis
1234 505 1305 592 illo,
1403 521 1404 584 t

301 632 394 702 quem
415 604 622 690 laudavimus,
652 604 722 674 loco
745 604 825 673 alter
846 605 984 674 eiusdem
1006 607 1170 701 scriptoris
1193 612 1308 682 conle-
1403 663 1404 672 .

298 711 414 780 rendus
436 709 553 794 cst⁹¹),
579 709 632 777 nbi
654 708 763 778 eadem
784 733 835 778 res
860 709 1005 778 disertius
1028 714 1204 806 exponitur.
1251 717 1309 786 Ait

298 817 381 888 enim
411 811 576 884 Nomadas
606 812 739 907 Scythas
766 812 867 882 bieme
894 814 928 883 iu
955 815 1122 908 paludibus
1144 819 1307 888 Maeotidi
1403 863 1404 866 =

297 919 493 1018 propinquis,
524 912 643 987 aestate
665 918 698 984 in
720 919 839 1011 campis
870 918 1029 1002 habitare3
1065 937 1163 990 totam
1196 941 1307 992 autem

298 1051 394 1122 quam
416 1026 558 1094 habitent
578 1024 739 1115 regionem
761 1047 831 1091 esse
854 1022 993 1116 algidam
1015 1051 1110 1119 usque
1134 1028 1176 1096 ad
1205 1029 1319 1102 mari·¹

287 1133 374 1200 tima
394 1131 477 1198 inter
498 1127 732 1221 Borysthenem
754 1143 786 1195 et
807 1128 890 1195 ostia
911 1129 1085 1199 Maeotidis
1108 1130 1189 1199 loca.
1233 1133 1307 1202 De·

296 1235 370 1303 inde
392 1249 553 1326 tamqnam
573 1230 709 1299 illustria
722 1230 848 1324 frigoris
865 1233 1048 1326 argumenta
1062 1233 1192 1329 profert,
1216 1239 1307 1330 quod

298 1339 406 1406 asinos
429 1361 494 1405 nou
516 1337 613 1420 alant,
636 1335 735 1404 boves
758 1338 906 1405 cornibus
929 1341 1121 1422 careant⁹²),
1145 1334 1216 1434 eqni
1237 1341 1306 1410 sint

297 1441 406 1538 parvi,
434 1465 508 1509 oves
531 1464 679 1532 magnae,
704 1443 780 1534 quin
803 1458 834 1509 et
860 1465 971 1511 aercae
994 1441 1121 1535 hydriae
1149 1469 1300 1538 rumpan-
1403 1517 1404 1524 χ

295 1565 360 1632 tur,
393 1543 631 1637 congelantibus
667 1570 746 1639 qnae
771 1545 855 1613 intus
891 1547 1118 1616 contineantur.
1163 1547 1300 1618 Traiec·
1403 1535 1404 1586 3

294 1669 361 1720 tum
375 1649 639 1740 Pbauogaracam
661 1649 744 1718 iuter
759 1667 791 1718 et
804 1649 1053 1744 Panticapaeum
1074 1652 1217 1748 plaustra
1236 1655 1300 1722 ser·
1403 1731 1404 1738 ἵ

294 1781 341 1841 re,
363 1770 398 1822 ut
419 1770 451 1822 ct
472 1753 524 1822 via
546 1753 619 1822 trita
642 1768 673 1819 et
696 1759 884 1837 coennm⁹³)
907 1756 951 1825 ibi
966 1756 1017 1824 sit.
1060 1756 1186 1826 Deinde
1208 1784 1301 1851 repe·
1403 1783 1404 1842 1

294 1860 348 1946 tit,
381 1856 646 1928 narratiunculam
668 1881 767 1952 supra
794 1877 1070 1930 commemoratam
1098 1860 1135 1930 de
1166 1861 1299 1954 proeliis
1403 1879 1404 1908 t

294 1963 429 2058 equestri
458 1979 490 2032 et
511 1962 628 2032 navali.
673 1962 795 2033 Contra
819 1959 978 2034 et'acstus
1000 1965 1143 2057 ingentes
1166 1967 1211 2035 ibi
1233 1967 1301 2035 lieri
1403 1973 1404 2066 l

294 2069 399 2151 addit,
434 2068 499 2134 sire
535 2066 609 2160 quia
641 2065 808 2135 mediocris
837 2086 942 2137 aestus
971 2071 1153 2186 corporibus
1181 2071 1301 2164 frigora
1403 2107 1404 2172 3

292 2169 464 2266 perferre
466 2167 564 2236 solitis
595 2170 781 2240 immodicus
813 2173 971 2256 videatur,
1003 2174 1068 2240 sive
1097 2199 1131 2240 re
1158 2199 1234 2240 vera
1263 2177 1314 2243 id·

292 2274 371 2360 lieri,
394 2301 463 2346 eum
485 2274 589 2366 campi
616 2275 717 2344 ventis
740 2289 880 2360 careant,
909 2277 973 2345 sive
997 2261 1077 2370 quia
1093 2299 1217 2344 crassus
1239 2283 1299 2344 adr

292 2397 383 2449 tanto
413 2379 513 2473 magis
541 2378 720 2454 incalescat.
764 2381 873 2476 Itaque
895 2382 989 2451 etiam
1009 2382 1090 2450 vites
1112 2381 1157 2450 ibi
1178 2406 1297 2476 prove·

293 2488 371 2570 nire,
398 2500 431 2555 at
461 2485 563 2554 hieme
586 2509 640 2553 eas
664 2484 721 2552 sub
745 2501 860 2554 terram
882 2485 1006 2571 defodi,
1031 2514 1071 2556 ne
1093 2485 1209 2580 frigore
1231 2488 1296 2558 lae·
1341 2545 1343 2549 ,

289 2590 416 2673 dautur,
438 2589 532 2682 idque
556 2589 650 2658 etiam
672 2605 783 2656 nostra
804 2607 905 2660 aetate
920 2592 954 2659 in
968 2591 1133 2684 Hungaria
1155 2592 1221 2660 lieri
1242 2618 1297 2663 so·
1403 2649 1404 2674 ,

290 2693 356 2762 lere
378 2709 486 2763 notum
508 2708 567 2762 est.
613 2693 705 2762 Alter
726 2693 821 2786 igitur
842 2695 898 2764 hic.
915 2713 963 2765 est
984 2697 1086 2780 locus,
1115 2696 1196 2764 unde
1219 2723 1296 2766 con·
1403 2697 1404 2752 l

292 2799 414 2886 cludam,
437 2798 572 2866 medium
595 2797 734 2869 calorem
749 2824 886 2868 annuum
901 2818 1046 2870 nontam
1061 2800 1204 2893 exiguum
1219 2803 1298 2870 olim

289 3107 338 3173 90)
364 3106 492 3160 Crantz
511 3102 617 3158 ffistor.
640 3108 750 3162 Groenl.
761 3108 782 3162 1.
801 3125 831 3178 p.
848 3105 893 3164 113.
918 3105 1101 3176 Scoresby
1119 3113 1247 3162 Account
1264 3107 1305 3178 of

358 3191 405 3245 the
423 3195 497 3246 artic
515 3194 625 3264 regions
643 3195 703 3248 and
718 3195 764 3248 the
781 3194 914 3248 northern
933 3195 1168 3266 Wbale-Fr'slrery
1185 3197 1267 3249 Tom.
1275 3197 1300 3250 1.
1403 3229 1404 3264 q

360 3285 461 3356 psas.
481 3285 543 3338 aas.
641 3289 644 3298 ·

287 3389 335 3456 91)
359 3387 424 3443 vn.
444 3404 472 3460 p·
492 3390 554 3448 307.
596 3459 600 3477 ,

177 3579 178 3582 Ἴ
286 3495 336 3560 92)
361 3493 417 3550 ctr.
436 3494 605 3550 Herodot.
621 3497 671 3562 tv,
690 3502 734 3558 29.

288 3599 339 3670 93)
363 3599 510 3670 Reperitur
527 3600 604 3655 enim
623 3601 654 3656 in
674 3598 799 3664 editione
818 3599 1024 3656 casauboni
1041 3599 1137 3670 πηλόν.
1173 3605 1214 3658 At
1230 3618 1296 3656 cor-

358 3686 433 3739 rexit
451 3687 565 3757 Coray
590 3688 626 3742 ad
644 3689 814 3760 Hippocret.
834 3689 869 3742 de
887 3693 951 3742 nere
959 3691 1068 3760 ,aquis
1092 3700 1118 3744 et
1142 3691 1195 3744 loc.
1213 3694 1294 3760 §.95

357 3776 440 3827 Tem.
458 3776 492 3826 11.
511 3791 540 3845 p.
559 3781 627 3837 290.
645 3774 736 3842 πλοῦν,
762 3775 839 3850 quod
858 3793 917 3829 non
930 3775 1125 3861 recipiendum
1137 3777 1294 3842 esseduoo

356 3869 418 3914 tum
443 3861 511 3934 quia
536 3861 617 3916 laeile
638 3861 698 3916 lieri
717 3872 839 3940 poterat,
864 3869 896 3916 ut
919 3847 1099 3918 Herodoti
1122 3863 1208 3918 rerba
1227 3865 1293 3932 (IV,
1403 3889 1404 3950 q

287 3971 290 3978 ·
355 3949 402 4015 28)
438 3964 523 4017 supra
546 3947 661 4004 laudata
685 3949 881 4004 Straboni·
874 3949 1110 4016 wobversarentur
1135 3959 1198 4003 tum
1222 3951 1295 4023 quia
1403 3959 1404 4016 ξ

355 4034 440 4088 stiam
458 4033 546 4090 totius
564 4034 622 4089 loci
640 4053 734 4094 nexus
751 4035 837 4106 πηλόν
854 4037 1004 4113 efflagitare
1020 4037 1159 4094 rideatur
