2846 4734
492 283 771 356 Introductio.
1115 299 1136 372 7

220 462 335 531 Multo
352 447 582 545 renascentur,
603 481 693 554 quae
713 463 787 534 ium
807 467 957 538 recellere
977 507 1021 525 -

123 586 157 638 et
179 593 252 636 rore
275 563 522 633 Aristotcles
541 572 592 652 ⁹):
629 565 683 637 Ori
702 563 771 664 yoip
792 566 837 664 δὴ
856 567 1010 668 φήσομεν
1030 573 1131 660 ἅπαξ,

123 673 208 746 οὐδὲ
228 677 289 757 δίς,
313 667 386 741 οὐδ’
407 667 562 760 ὀλιγάκις
590 666 654 749 wie
675 669 783 752 αὑτᾰς
803 673 904 760 δόξας
924 675 1131 752 ἀνακυκλεῖν

121 773 306 870 γινομένας
326 777 365 845 ἐν
384 783 457 853 τοῖς
478 772 681 871 ἀνθρώποις,
704 773 778 848 ἀλλ’
801 776 983 876 ἀπειράκις.

209 877 532 973 lllcteorologia,
554 879 682 950 scieruia
705 898 926 970 meteoromm,
949 878 1129 982 antiqrussiss

119 987 182 1056 mis
217 984 408 1078 temporibus
441 983 537 1056 etiam
573 985 813 1060 Astrouomiam
852 991 1128 1086 complectebatur,

118 1093 227 1185 itaque
250 1088 365 1172 omnia,
389 1112 469 1182 qnae
491 1105 579 1157 extra
600 1105 717 1158 terram
739 1087 828 1161 fiunt.
863 1093 1005 1182 Primus,
1027 1124 1127 1194 quan·

117 1213 187 1264 turn
217 1193 362 1288 equidem
393 1195 476 1279 scio,
503 1192 686 1263 Achilles
718 1195 866 1267 Tatius
888 1207 941 1286 ιο)
962 1217 1128 1296 utramque

117 1299 282 1391 scientiam
306 1299 371 1368 suis
393 1299 545 1368 limitibus
568 1298 830 1397 circumscripsit,
851 1303 1016 1400 distinguit
1043 1307 1127 1376 euim

116 1408 201 1475 inter
221 1402 389 1498 μετάρσια
411 1420 444 1472 et
463 1405 635 1500 penelopa:
657 1403 714 1472 illa
735 1404 769 1474 in
790 1406 862 1501 ipso
883 1415 957 1480 aere
972 1409 1040 1480 fieti
1053 1436 1127 1480 een·

116 1535 209 1595 sens,
246 1508 325 1578 haec
346 1509 380 1576 in
402 1507 548 1594 aethere,
579 1507 663 1576 velut
685 1509 765 1579 solis
787 1511 988 1607 siderumque
1010 1530 1127 1584 motrrs.

116 1617 204 1686 Cum
226 1631 357 1705 utraque
378 1614 474 1706 igitur
495 1614 631 1706 antiquis
647 1614 839 1709 temporibus
861 1617 1043 1708 arctissimo
1058 1618 1126 1688 vin·

114 1719 189 1788 culo
212 1733 449 1786 connecteretur
468 1717 608 1801 scientia,
630 1741 697 1786 non
717 1721 846 1806 mirum,
869 1722 992 1790 sicum
1014 1727 1125 1792 Astre-

113 1823 225 1894 nomia
238 1830 246 1860 ¹
259 1830 287 1902 ¹)
300 1821 427 1916 eiusque
440 1822 594 1914 degenere
609 1819 684 1902 filia,
692 1823 885 1916 Astrologia,
898 1825 993 1896 ctiam
1000 1824 1126 1894 Meteo-

113 1928 257 2021 rologia,
287 1943 450 2022 tamquam
479 1925 551 1994 vilis
582 1926 715 2000 scientia
741 1927 777 1996 in
798 1944 989 1998 contemtum
1012 1925 1126 1998 abierit

112 2052 145 2104 et
167 2058 265 2128 saepe
288 2033 400 2102 delusa
423 2033 474 2118 sit,
496 2047 531 2102 ut
545 2031 843 2126 Aristophanis
865 2051 1007 2129 tempore
1029 2055 1123 2104 reca-

112 2138 191 2242 bula
208 2135 474 2233 μετεωρολόγοις,
494 2140 782 2232 μετεωρολώχης,
805 2137 996 2235 ἀδολέσχης
1017 2153 1049 2206 et
1063 2167 1124 2208 oo·

111 2249 214 2342 φίςης
236 2259 399 2337 tamquam
428 2242 513 2312 idem
536 2242 747 2333 significantia
774 2243 1038 2336 coniungerentur
1056 2248 1123 2326 ¹²).

111 2349 193 2417 lude
215 2347 355 2416 medicos
379 2346 428 2416 sui
450 2345 520 2416 aevi
534 2351 691 2444 σοφιξας,
710 2351 1017 2445 μετεωροφένακας
1031 2361 1123 2418 vocat

111 2449 414 2546 Aristophanes
435 2458 496 2536 ¹⁸),
519 2450 592 2518 inde
613 2455 777 2522 Socratem
797 2453 832 2522 in
854 2477 983 2522 scenam
1004 2475 1121 2546 proro-

110 2573 164 2626 cat
177 2572 338 2650 tamquam
350 2553 598 2647 meteorolo'gnm
610 2563 671 2639 ¹⁴),
687 2573 718 2626 et
727 2549 800 2651 ipse
809 2557 895 2652 apud
910 2556 1122 2626 Platonem

110 2665 262 2734 Socrates
293 2660 577 2754 conqueritur¹⁵),
602 2685 636 2730 se
663 2678 795 2756 propter
823 2663 902 2730 tales
929 2661 1121 2730 comicorum

109 2776 278 2864 poetarum
306 2790 406 2860 nugas
434 2765 467 2835 in
494 2781 686 2835 contemtum
712 2763 825 2859 populi
853 2788 924 2832 esse
953 2764 1120 2846 abiturum·

108 2872 202 2941 Idem
224 2872 390 2955 Socrates,
412 2895 488 2939 usus
509 2869 679 2937 notissimo
700 2869 802 2954 dictu,
837 2891 917 2958 qnae
940 2890 1038 2962 supra
1058 2890 1120 2936 nos

108 2990 224 3061 essent,
246 2973 389 3044 nihilad
410 2999 469 3044 nos
492 2974 634 3059 attinere,
657 2971 895 3070 philosophiam
911 2995 931 3042 a
945 2973 1042 3066 rebus
1064 2996 1118 3044 oo·

129 3230 163 3300 9)
181 3229 327 3286 Meteorol.
345 3228 368 3294 1,
386 3233 413 3284 3.
430 3225 480 3281 cfr.
499 3228 533 3280 de
551 3227 661 3294 caeloh
679 3233 706 3284 3.
726 3243 755 3299 p·
770 3229 833 3293 270,
848 3223 879 3282 b.

105 3321 153 3385 lo)
178 3323 293 3389 laugog.
309 3315 341 3368 irc
356 3319 440 3368 Arar.
456 3331 483 3368 o.
494 3321 538 3372 ³2.

107 3402 301 3476 ¹1)1’tetonic
324 3419 396 3458 aevo
414 3397 499 3457 ἄθεοι
516 3399 702 3467 vocabantur,
721 3397 773 3474 qui
791 3398 922 3454 ordinem
945 3408 1030 3474 atque
1053 3413 1119 3452 mo-

178 3499 240 3546 tum
263 3499 402 3544 astrorum
426 3486 630 3558 observabant,
653 3486 832 3560 omninoque
849 3484 1039 3540 astronomiae
1056 3491 1118 3538 stu-

177 3575 291 3633 debant.
328 3577 386 3634 cfr.
403 3578 491 3631 l’lat.
510 3575 545 3632 de
564 3579 638 3651 legg.
652 3575 718 3630 libr.
725 3576 791 3630 111.
814 3577 889 3628 'l'orn
899 3575 934 3626 ll.
945 3590 973 3644 p.
980 3571 1044 3635 966.
1053 3588 1097 3644 sq.

108 3667 156 3737 ¹2)
180 3665 223 3723 cl.
242 3665 330 3732 loooa,
348 3681 422 3739 qnos
439 3685 477 3721 ex
495 3664 716 3721 Platouolcudat
730 3662 889 3719 corneus
902 3661 938 3717 cd
949 3660 1115 3734 Hippoorat.

178 3752 214 3808 de
230 3755 304 3817 atre,
324 3755 406 3824 corus
423 3764 449 3809 et
466 3755 545 3809 locis.
564 3755 590 3823 5·
601 3760 627 3810 8.
645 3750 775 3807 romlt
792 3765 822 3821 p·
834 3757 875 3808 ll.

106 3842 157 3912 13)
179 3838 255 3896 Not.
273 3855 304 3896 r·
323 3845 386 3898 330.

105 3926 154 4000 tl)
178 3925 255 3985 Nub.
272 3943 302 3984 r.
321 3932 384 3985 22⁵.

106 4020 156 4090 1⁵)
180 4015 301 4090 Apotog.
318 4018 429 4072 δουναι.
446 4017 531 4071 Tora.
544 4015 565 4070 l.
585 4010 670 4087 psl.
688 4012 733 4069 ed.
751 4015 865 4088 Btpont.
