2824 4746
293 351 358 418 216
633 381 638 394 ·
655 347 720 414 De
742 345 941 414 montium

293 523 507 594 vehementior
533 521 587 592 nix
614 522 780 611 deciderit,
807 538 839 591 et
867 521 907 590 ad
933 519 1012 590 baec
1040 519 1181 614 pericula
1211 522 1303 591 susti·
1402 521 1403 544 ¹

293 629 398 700 nenda
412 628 549 697 vietores
565 625 682 696 habere
702 625 842 713 baculos,
864 650 944 719 quos
966 625 1000 694 in
1022 625 1222 721 superficiem
1245 626 1305 695 eri-

295 748 390 827 gant,
411 748 446 802 ut
468 747 499 801 et
520 732 676 826 respirare
697 731 822 827 possint
843 746 874 800 et
896 755 985 800 suum
1008 753 1118 798 casum
1132 729 1306 799 adventuu-

296 837 381 907 tibus
420 836 595 930 significent
628 859 729 928 eoque
761 836 859 905 modo
885 859 940 906 eos
967 835 1116 904 auxilium
1144 836 1307 929 consequi,
1402 839 1403 844 ’

296 941 391 1012 effodi
418 958 512 1035 atquc
540 938 635 1010 saluti
661 942 795 1011 restitui.
839 941 929 1010 Idem
956 940 1063 1032 igitur,
1096 940 1181 1034 quod
1210 939 1307 1010 hodie

295 1045 390 1115 etiam
411 1045 444 1112 in
465 1043 614 1112 Helvetia
637 1061 667 1114 et
688 1040 790 1134 ubivis
812 1045 942 1128 accidit,
968 1044 1023 1112 ubi
1050 1043 1186 1114 maiores
1213 1069 1306 1114 mon-

295 1165 344 1218 tes
372 1149 444 1217 nivc
471 1149 542 1217 tecti
572 1150 783 1244 reperiuntur,
819 1148 852 1217 id
880 1165 953 1232 ante
981 1147 1072 1218 haec*
1087 1148 1156 1218 fere
1192 1149 1307 1242 viginti

296 1252 420 1322 saecula
431 1253 582 1322 accidisse
597 1277 618 1321 a
634 1255 841 1324 Strabone
857 1254 1014 1322 discimus.
1043 1252 1306 1347 Virgilium,

294 1357 364 1426 loco
386 1357 450 1427 iam
472 1381 568 1451 supra
588 1357 680 1426 nohis
702 1356 842 1440 laudato,
864 1358 968 1427 nivern
985 1358 1123 1428 Caucasi
1144 1373 1307 1426 aeternam

294 1484 363 1530 esse
384 1485 450 1531 non
470 1461 601 1557 putavit,
624 1485 694 1532 cnm
717 1461 871 1530 silvarum
898 1461 933 1530 in
961 1460 1047 1532 illius
1075 1461 1190 1532 vertice
1211 1487 1307 1531 men-

298 1566 419 1635 tionem
440 1565 571 1635 iniiciat:

339 1670 446 1762 Ipsae
470 1669 642 1739 Caucasio
665 1671 801 1739 steriles
824 1671 860 1738 in
883 1673 1006 1740 vertice
1027 1663 1152 1756 siluae}

344 1775 445 1866 Ques
461 1777 610 1842 amnesi
619 1773 710 1843 Euri
724 1775 870 1844 adsidue
878 1775 1117 1868 franguntque
1118 1775 1307 1868 feruntque

339 1879 442 1947 Dent
464 1878 552 1948 ulios
576 1881 669 1950 uliae
678 1881 818 1973 foetus,

300 1984 494 2077 eandemque
517 1983 699 2079 opinionem
720 1983 871 2054 habuisse
892 1984 1015 2070 videtur
1037 1983 1305 2084 Theocritus,

298 2113 369 2155 cum
392 2087 527 2166 dicat⁶):

342 2184 433 2260 Erice
457 2189 545 2282 χιών
572 2189 617 2272 ὥς
637 2220 687 2272 τις
712 2191 910 2264 ueterrimo
935 2189 1071 2286 μακρόν
1097 2189 1155 2288 ὑφ’
1176 2193 1302 2280 Αἶμον

335 2292 392 2364 Ἢ
410 2294 573 2394 ”Adrasti
593 2295 766 2372 ‘Poddunr
786 2295 808 2397 ἢ
830 2297 1018 2368 Καύκασον
1039 2290 1264 2386 ἐσχατόωντα.-

297 2399 429 2470 Aestate
451 2401 603 2496 liquefieri
623 2419 745 2497 portem
759 2401 841 2471 nivis
857 2399 993 2494 Alpinae
1016 2417 1051 2470 et·
1067 2401 1211 2494 ingentes
1226 2427 1303 2496 pro-

298 2529 410 2574 vocare
434 2522 587 2575 torrentes
615 2523 722 2579 auctor
744 2523 793 2576 est
814 2505 954 2577 Strabo
971 2507 1009 2586 ⁶).
1055 2504 1306 2576 pulcherrimam

298 2608 372 2676 audi
413 2609 658 2704 descriptionem
697 2611 896 2680 Ammiani
929 2609 1217 2690 Marcellini⁷):
1259 2614 1305 2680 In

294 2712 440 2802 Alpibus
477 2715 615 2802 Cottius,
649 2741 792 2810 querum
818 2715 950 2784 initium
982 2741 1005 2784 e
1034 2716 1221 2807 Segusione
1253 2725 1308 2781 est

296 2817 432 2906 oppido,
454 2821 673 2909 praecelsum
695 2821 837 2914 erigitur
864 2822 992 2914 iugum,
1019 2821 1108 2889 nulli
1116 2821 1204 2912 sere
1231 2818 1305 2916 sine

296 2920 490 2991 discrimine
514 2926 733 3014 penetrabile.
778 2927 845 2994 Est
868 2928 955 2994 enim
977 2951 996 2994 e
1021 2925 1145 2994 Galliis
1176 2922 1303 2990 denien-

298 3026 388 3094 tibus
407 3051 520 3116 prona
541 3021 731 3097 bumilitate
752 3030 931 3114 devexum,
953 3028 1175 3120 pendentium
1197 3050 1302 3094 soro-

295 3155 372 3196 rum
396 3132 601 3199 altrinsecus
627 3131 698 3197 visu
714 3131 872 3216 tendile,
883 3132 1084 3221 praesertim
1101 3156 1202 3199 uerno
1219 3142 1302 3199 tem-

291 3255 397 3324 pore;
434 3257 511 3300 curn
545 3236 690 3327 liquente
715 3235 809 3326 gelu,
843 3237 1039 3328 nivibusque
1066 3235 1189 3303 solutis
1204 3234 1303 3322 fletu

295 3336 461 3406 calidiore
484 3343 661 3426 ventorum,
679 3364 746 3431 per
763 3341 912 3431 diruptos
934 3339 1102 3432 utrimque
1124 3338 1302 3426 angustius

296 3455 331 3512 et
359 3445 502 3514 lucunas
520 3447 719 3536 pntinerum
742 3446 899 3538 congerie
927 3443 1132 3527 latebrosos,
1161 3439 1299 3510 descen-

312 3731 343 3804 ΙΙ)
371 3739 468 3806 ocorg.
444 3734 510 3799 ΙΙ,
529 3729 599 3790 tto
607 3750 670 3808 sqq.

366 3839 452 3912 Idyll.
461 3840 557 3903 ἯῙ,7
543 3839 586 3905 76,
607 3855 651 3916 tq·

312 3839 343 4011 6}
312 3943 416 3999 61V.
435 3962 465 4017 p
477 3947 538 4004 18
641 3996 643 4005 r

310 4049 340 4116 7)
310 4052 428 4108 ΊΒσν.
444 4059 551 4119 gestor.
561 4050 627 4117 XV,
647 4019 689 4108 iO·
707 4057 807 4120 P··108
