2846 4734
320 365 341 438 d
679 352 967 429 Introductis.

320 541 417 640 plane
439 537 571 622 interiit,
605 561 675 605 cum
703 532 820 602 amissa
852 529 997 598 libertate
1030 528 1205 596 litterarum
1240 546 1334 590 amor

321 647 423 740 magis
446 645 608 740 magisque
636 639 805 710 exstinctus
823 647 853 718 ²)
875 635 916 704 ad
945 633 1024 704 alias
1053 631 1179 700 transiit
1207 645 1331 721 gentes.

321 753 449 824 Primos
478 747 706 844 cognitionum,
734 765 814 840 quas
844 739 878 808 iu
900 738 1033 810 Graecis
1062 735 1212 806 admirari
1242 735 1333 804 sole-

205 859 209 872 ’
321 884 402 946 mus,
428 855 560 926 heredes
585 851 749 922 Romanos
773 846 868 916 luisse
891 861 1001 913 uotum
1024 859 1088 926 est,
1120 842 1173 936 qui
1197 841 1276 935 quid
1299 841 1331 909 iu

321 961 500 1036 excolendis
522 955 643 1038 litteris,
666 955 700 1024 in
722 953 866 1046 augenda
888 948 1095 1020 humanarum
1116 945 1332 1040 cognitionum

322 1067 430 1160 copia,
464 1065 498 1132 io
520 1077 648 1130 naturae
671 1055 878 1152 explicatione
907 1070 938 1124 et
968 1053 1172 1144 indagatione
1196 1051 1331 1145 praesti-

320 1171 426 1253 terint,
450 1163 644 1259 disquirendi
665 1163 716 1232 bie
738 1185 802 1229 uon
825 1176 874 1228 est
895 1158 993 1227 locus.
1038 1156 1120 1225 Post
1141 1156 1236 1250 plura
1259 1181 1331 1224 sac-

320 1273 392 1346 cula
413 1269 580 1366 imperium
601 1267 740 1364 gentium
762 1264 804 1334 ad
833 1261 913 1331 alios
936 1261 1072 1356 populos
1097 1261 1224 1329 transiit
1257 1285 1333 1330 eos-

320 1393 382 1474 ‘que
411 1375 584 1460 barbaros,
619 1396 639 1441 a
667 1367 962 1466 septentrionalibus
992 1367 1142 1459 Europae
1174 1365 1258 1450 oris,
1291 1365 1333 1432 ab

320 1483 417 1554 Asiae
441 1479 572 1552 desertis
594 1477 787 1547 occidentem
809 1499 917 1544 versus
941 1470 1021 1540 alios
1045 1487 1118 1539 ante
1140 1495 1176 1538 se
1197 1487 1334 1566 protru-

320 1591 443 1660 deutes.
488 1581 659 1654 Exstinctis
681 1582 776 1674 igitur
798 1580 831 1648 in
854 1577 991 1648 Graecia
1014 1575 1142 1661 litteris,
1166 1575 1332 1660 exstinctis

319 1697 447 1768 Romae
468 1695 564 1788 inque
587 1687 717 1758 caeteris
748 1686 834 1756 orbis
866 1699 1021 1752 terrarum
1043 1681 1162 1775 plagis,
1191 1683 1249 1750 sub
1279 1707 1333 1748 rn-

321 1801 406 1869 dium
428 1796 619 1892 populorum
642 1790 720 1859 duro
742 1789 873 1882 imperio
896 1787 1108 1884 gementibus,
1138 1785 1214 1878 quid
1236 1786 1331 1854 resti·

319 1907 368 1989 tit,
390 1903 450 1970 nisi
472 1916 507 1968 ut
528 1895 706 1988 insequenti
736 1909 838 1962 aetate
870 1892 1053 1974 tritissimae
1081 1890 1239 1959 veteribus
1270 1914 1331 1958 no·

319 2009 421 2077 tiones
457 2004 559 2071 denuo
594 2027 632 2068 ex
658 1998 764 2081 libris,
793 2023 873 2090 quos
908 2014 1044 2065 aetatem
1073 1995 1183 2065 tulisse
1213 1995 1331 2063 merito

319 2110 490 2189 laetamur,
536 2119 722 2173 eruerentur.
791 2102 890 2190 Quod
925 2100 1043 2169 sensim
1073 2100 1252 2196 sensimque
1281 2100 1328 2168 fa·

320 2211 415 2310 'ctum'
432 2225 495 2293 est,
542 2224 634 2302 atque
666 2207 710 2275 ita
742 2223 881 2277 veterum
912 2206 1107 2275 Graecorum
1145 2223 1177 2288 et
1205 2205 1328 2274 Roma·
1404 2187 1405 2268 l

318 2343 431 2412 norum
454 2339 514 2412 ope
537 2313 578 2380 ad
600 2311 678 2380 illud
708 2312 865 2402 fastigium
893 2310 1015 2379 litterae
1046 2326 1120 2379 sunt
1150 2309 1267 2396 elatae,
1295 2311 1327 2378 in

319 2423 381 2517 quo
405 2437 515 2490 nostro
539 2416 665 2486 saeculo
678 2437 731 2486 eas
747 2417 1035 2484 animadvertimus.
1073 2414 1182 2483 Eheu!
1208 2432 1328 2510 quanta

318 2528 400 2594 foret
422 2523 545 2605 iniuria,
580 2521 607 2588 si
630 2543 668 2588 ea
690 2520 784 2612 plane
808 2523 1055 2614 negligeremus,
1097 2541 1176 2614 quae
1205 2537 1327 2588 veteres

317 2632 382 2700 iam
400 2627 636 2725 praestiterunt,
661 2625 687 2692 si
702 2651 750 2711 ea,
766 2640 926 2718 tamquam
948 2625 1086 2721 propriis
1099 2625 1217 2695 viribus
1229 2643 1326 2710 eruta,

318 2737 413 2805 tacito
437 2730 562 2802 silentio
584 2751 847 2825 proponeremus,
882 2756 961 2824 quae
990 2733 1030 2799 ab
1061 2730 1125 2800 illis
1159 2731 1328 2825 depromta

220 2883 225 2894 ·
318 2847 402 2925 esse,
436 2861 529 2910 nemo
552 2851 601 2904 est
623 2837 843 2919 verecundior,
880 2836 955 2931 quin
982 2834 1094 2904 lubens
1125 2837 1325 2929 profiteatur!

317 2944 447 3010 decedit
470 2941 624 3032 quaestio,
648 2957 751 3008 utrum
773 2942 880 3010 omnia
902 2942 980 3026 ista,
1012 2964 1093 3036 quae
1125 2967 1144 3022 a
1166 2943 1325 3012 veteribus

316 3047 380 3112 iam
403 3041 559 3110 intellecta
584 3056 615 3109 et
642 3043 862 3113 animadversa
885 3063 972 3130 sunt,
1002 3047 1095 3116 nobis
1123 3045 1326 3117 innotuerint.

316 3147 408 3214 Licet
431 3159 507 3212 sane
531 3143 684 3227 dubitare,
707 3148 877 3216 nonenim
901 3150 1008 3220 docem
1030 3145 1257 3246 praeterierunt
1278 3153 1324 3222 lu·

317 3261 392 3333 stra,
416 3275 453 3317 ex
476 3273 539 3342 quo
561 3247 702 3343 physici,
720 3250 814 3318 'inter
837 3278 916 3347 quos
939 3257 1124 3349 praesertim
1153 3257 1200 3326 de
1224 3257 1324 3342 Luc,

315 3378 446 3451 prorsus
481 3371 688 3446 negaverunt,
726 3355 908 3426 calefactum
942 3359 975 3426 in
1009 3362 1173 3456 superficie
1203 3361 1324 3430 telluris

315 3469 421 3530 adrem
446 3477 569 3528 sursum
599 3458 685 3544 tolli,
718 3460 912 3552 frigidiorem
946 3465 1092 3533 deorsum
1121 3467 1255 3550 moveri,
1289 3467 1325 3535 id

317 3566 402 3658 quod
433 3564 498 3633 iam
525 3564 799 3635 *Aristotelem
831 3569 958 3637 novisse
988 3569 1070 3637 iufra
1092 3571 1328 3640 demonstrabi-'

340 3813 371 3886 2)
392 3820 484 3872 Locus
511 3825 552 3870 est
571 3813 767 3875 memorabilis
787 3822 864 3893 apud
886 3799 1119 3879 Athenaeum·
1132 3826 1322 3898 Deipnosupb.

384 3905 460 3976 Epit.
480 3902 545 3958 libr.
556 3906 577 3958 Ι.
596 3923 625 3976 p.
640 3914 683 3978 19,
701 3911 736 3963 Β.
755 3910 799 3965 ed.
812 3909 1030 3968 casauboni:
1048 3911 1098 3968 cols
1109 3910 1161 3985 γὰρ
1172 3909 1322 3986 βαναύσους

381 3987 619 4063 τέχναςἝλληνεσ
636 3989 731 4068 ristona
747 4007 809 4069 περὶ
826 3997 936 4056 πλείων
957 3999 1064 4072 pillos
1082 3999 1222 4060 ἐποιοῦντο
1237 3999 1256 4072 ἢ
1272 4001 1322 4057 tris

383 4079 455 4136 navt
472 4080 600 4138 παιδείαν
617 4091 761 4155 yssoptyac
778 4087 888 4144 ἐννοίας.
